1913 3214
473 141 503 185 4
806 125 1035 187 Epistola
1071 126 1137 171 N
1134 128 1457 188 aucupatoria

575 258 743 319 Quum
781 259 929 321 igitur
965 269 1037 305 tot
1074 258 1235 305 sensus
1274 259 1321 305 in
1358 259 1517 321 capite
1555 258 1636 305 uni
1669 263 1808 305 tantu

473 337 664 399 corpori
690 336 911 401 prefe6³m
938 338 1272 399 requirantur:
1307 349 1427 400 quot
1454 337 1626 391 sensus,
1654 354 1810 399 quan-

474 425 577 462 tum
616 415 864 477 sapientiae
902 415 947 462 &
991 416 1278 463 eruditionis
1315 416 1377 463 ab
1414 433 1473 462 eo
1511 415 1671 477 capite
1708 415 1806 461 exi-

347 502 397 549 [p.
421 503 454 550 5]
472 505 667 557 guntur,
721 493 795 539 cui
856 492 966 555 plus
1025 496 1172 556 quam
1234 506 1564 540 trecentorum
1625 492 1809 539 milium

473 588 731 634 corporum
792 570 1085 633 praefefftura
1133 571 1492 619 committitur?
1570 571 1719 632 Quod
1780 571 1809 618 s1

472 649 581 712 quis
619 649 776 696 forsan
815 649 1118 711 respondeat,
1159 667 1256 696 non
1295 650 1342 695 in
1380 649 1611 711 principe,
1643 649 1724 696 sed
1762 649 1809 696 in

474 728 532 790 ijs
570 727 691 781 solis,
725 727 807 789 qui
839 726 903 773 illi
940 730 969 773 a
1005 727 1214 790 consilijs
1251 727 1369 781 sunt,
1400 727 1725 774 eruditionem
1764 726 1811 774 81

472 805 782 867 prudentiam
818 805 1026 867 requiri:
1065 804 1192 851 hunc
1227 822 1322 867 ego
1359 804 1563 867 dignum
1601 805 1809 860 censere,

472 884 555 946 qui
587 901 675 946 pro
706 882 788 930 tali
824 883 1061 945 responso,
1093 883 1321 930 omnibus
1348 883 1571 937 sensibuS,
1602 893 1811 945 excepto

474 960 620 1016 tacttl,
651 961 852 1008 orbatus
891 962 937 1007 in
977 960 1139 1008 media
1165 960 1297 1022 sylua
1333 961 1566 1022 uepribus
1592 959 1638 1007 ἃ
1665 960 1811 1023 spinis

473 1040 632 1095 densa,
674 1040 837 1086 caueis
876 1039 922 1086 ἃ
960 1039 1087 1086 foss1s
1125 1038 1431 1093 formidabili,
1479 1049 1689 1101 quatuor
1725 1039 1809 1085 du-

472 1119 610 1166 cibus
653 1119 913 1165 comitatus
951 1117 1252 1172 statueretur,
1294 1117 1434 1164 nobis
1473 1117 1703 1172 dicturus,
1746 1122 1810 1163 nu

472 1198 683 1261 proprijs
722 1196 857 1244 malit
894 1198 962 1244 uti
1001 1196 1212 1243 sensibus
1249 1214 1310 1242 an
1348 1195 1556 1243 alienis?
1611 1196 1657 1243 ἃ
1695 1213 1810 1242 num

471 1278 623 1324 tutius
651 1276 715 1323 illi
742 1276 807 1330 sit,
832 1276 1011 1322 ducum
1040 1275 1232 1322 suorum
1261 1275 1556 1322 incertorum
1583 1275 1807 1329 senslbus,

472 1373 532 1402 an
561 1356 771 1418 proprijs
799 1355 944 1401 duci?
983 1354 1028 1401 ἃ
1055 1372 1152 1416 qua
1179 1354 1366 1400 ratione
1392 1371 1549 1401 caecus
1576 1354 1622 1401 &r
1643 1353 1812 1400 surdus

471 1435 677 1482 odoratu
712 1433 758 1481 ἃ
795 1433 935 1497 gustu
974 1432 1233 1479 destitutus
1271 1432 1381 1495 ipse,
1424 1433 1605 1496 ceci‘ne
1646 1451 1706 1479 an
1745 1433 1813 1479 ui-

471 1513 611 1560 detes
638 1513 704 1559 sui
733 1512 821 1559 sint
846 1512 1009 1565 duces,
1038 1511 1324 1575 dignoscere
1350 1511 1529 1574 posfit?

579 1648 635 1694 In
679 1646 959 1709 confiliarijs
998 1646 1234 1692 summam
1272 1647 1584 1709 prudentiam
1623 1647 1669 1694 ἃ
1706 1665 1812 1694 eru-

347 1732 395 1779 [p.
415 1733 452 1779 6]
472 1726 709 1773 ditionem
760 1742 857 1772 non
907 1724 1158 1788 uulgarem
1199 1725 1390 1787 requiri,
1434 1742 1531 1772 non
1570 1725 1812 1773 diffiteor:

471 1807 643 1851 uerum
682 1821 779 1851 non
819 1804 866 1850 in
905 1803 963 1866 ijs
1001 1801 1122 1857 solis,
1160 1819 1271 1849 nam
1311 1802 1339 1849 si
1380 1801 1457 1857 illi,
1484 1803 1567 1864 qui
1605 1803 1810 1866 principi

471 1883 578 1930 sunt
616 1885 644 1929 a
681 1882 903 1945 confflijs,
941 1881 1003 1928 ad
1041 1891 1236 1943 tempus
1285 1881 1411 1928 bene
1453 1880 1716 1936 consulant,
1764 1882 1811 1929 δε

471 1962 636 2025 postea
686 1963 732 2008 in
777 1960 919 2023 ipsius
967 1960 1234 2022 perniciem
1284 1959 1411 2006 male
1460 1959 1705 2016 suadeant,
1758 1973 1810 2007 ut

473 2039 710 2087 Absaloni
738 2038 1067 2086 Achitofelem
1095 2038 1251 2084 fecisse
1288 2037 1523 2101 legimus:
1560 2039 1811 2100 quomodo

473 2118 794 2181 perniciosum
834 2116 1024 2164 illorum
1063 2114 1258 2162 confiliu
1303 2115 1401 2177 ipse
1438 2115 1813 2163 subodorabitur

474 2199 519 2246 ἃ
546 2197 912 2260 depraehendet,
932 2195 1012 2242 nis1
1040 2194 1315 2241 eruditione
1341 2193 1387 2240 ἃ
1413 2194 1673 2255 prudentia
1695 2212 1809 2242 con-

474 2277 669 2324 filiarios
718 2276 826 2322 suos
875 2287 957 2321 aut
1007 2274 1210 2335 superet,
1263 2285 1346 2319 aut
1395 2272 1559 2320 saltem
1609 2274 1811 2336 aequet?

475 2356 642 2416 Quare
669 2359 732 2401 no
759 2355 806 2400 in
841 2351 1118 2413 consiliarijs
1154 2354 1356 2405 tantum,
1385 2350 1467 2397 sed
1506 2351 1551 2397 in
1590 2352 1809 2415 principe

473 2434 573 2496 ipso
609 2433 819 2480 eruditio
856 2431 902 2478 Sc
940 2430 1140 2492 sapietia
1177 2429 1499 2491 requiruntur.
1579 2430 1695 2477 Non
1727 2431 1810 2478 de-

472 2512 592 2568 sunt,
621 2511 703 2574 qui
730 2510 842 2556 satis
868 2508 960 2555 esse
986 2507 1192 2570 principi
1227 2506 1516 2562 existimant,
1544 2525 1642 2570 quo
1668 2521 1808 2556 caete-

473 2590 537 2636 ris
574 2588 858 2636 mortalibus
894 2586 1096 2650 praestet,
1139 2585 1168 2631 sl
1207 2586 1343 2649 regio
1382 2585 1566 2641 uestitu,
1608 2586 1807 2651 diuitijs‚

472 2668 638 2731 copijs,
669 2667 783 2713 scite
816 2664 1050 2728 pulsando
1085 2662 1391 2717 testudinem,
1419 2663 1465 2709 ἃ
1500 2663 1596 2710 tela
1635 2664 1808 2713 dextre

473 2746 723 2799 uibrando,
763 2743 964 2791 subditis
1003 2742 1094 2788 suis
1132 2740 1410 2805 preluceat:
1449 2745 1619 2789 uerum
1657 2743 1808 2790 fortis-

345 2831 394 2879 [p.
416 2825 570 2880 7]s11ni
605 2824 733 2886 quiq÷
767 2822 812 2869 ἃ
843 2819 1169 2883 sapientissimi
1204 2835 1346 2882 reges
1380 2818 1528 2883 longe
1565 2820 1808 2869 diuersum
