1913 3214
507 152 567 194 66
898 147 940 195 C
938 147 1230 210 ulz‘cz'lega—
1238 148 1281 194 C
1280 148 1448 194 mulus

504 281 713 335 distinam
729 281 865 321 cauda
882 281 1017 333 longa,
1034 295 1163 334 quam
1175 281 1340 335 fi‘mpezf
1361 281 1539 321 motitat.
1557 279 1675 332 degit
1688 279 1834 332 pluri-

507 370 623 395 mum
655 356 718 395 ad
744 355 861 408 ripas
877 355 1132 408 fluminum,
1155 356 1229 396 ubi
1259 356 1422 408 muscas
1449 361 1590 407 captat
1615 355 1658 394 &
1681 354 1836 394 nermz'-

505 429 627 477 culos,
660 428 763 481 quin
793 429 836 468 ἅ
873 435 1070 468 aratrum
1103 429 1313 468 nermz‘mn
1347 428 1472 480 causa
1497 427 1705 480 seqnitur,
1737 440 1838 480 quos

507 503 648 555 uersat
668 503 712 543 ἔπ’
733 502 894 543 exhibet
912 516 1006 542 cum
1021 502 1146 554 gleba
1165 510 1378 543 aratrum.

980 668 1070 708 DE
1113 668 1373 710 CVCVLO.

597 775 784 828 Κόκκυξ,
817 776 995 824 cuculas,
1032 776 1213 829 Anglz'ci’
1245 791 1272 816 a
1312 776 1513 825 cukleomt,
1548 777 1591 816 ὃ*
1631 791 1658 816 cz
1691 775 1840 829 gouke,

513 851 760 892 Germanici>
789 862 860 903 eim
891 850 1037 892 fuffucf.

990 968 1345 1016 ARISTOTELES
1361 973 1385 1016 ¹.

613 1075 825 1124 Cuculus
862 1093 922 1122 ex
954 1076 1182 1138 accipitre
1222 1075 1336 1130 fieri,
1383 1076 1637 1122 immutata
1670 1075 1836 1138 figura,

510 1163 539 1207 a
576 1159 819 1207 nonnullis
856 1171 1083 1221 putatur:
1131 1159 1363 1220 quoniam
1400 1176 1498 1221 quo
1541 1171 1762 1220 tempore
1803 1159 1841 1204 is

511 1255 725 1306 apparet,
763 1243 994 1305 accipiter
1033 1241 1123 1296 ille,
1160 1242 1235 1288 cui
1274 1241 1434 1288 fimilis
1473 1242 1550 1296 est,
1587 1259 1681 1288 non
1722 1242 1841 1304 aspi-

511 1328 646 1374 citur.
722 1326 822 1373 Sed
870 1327 936 1373 ita
973 1325 1073 1372 fere
1111 1326 1289 1379 euenit,
1330 1337 1381 1372 ut
1422 1342 1481 1372 ne
1520 1325 1681 1373 caeteri
1726 1326 1841 1372 item

511 1411 765 1473 accipitres
807 1415 1033 1457 cernatur
1073 1412 1182 1456 cum
1231 1409 1438 1471 primam
1479 1427 1650 1457 uocem
1690 1409 1843 1456 emisit

513 1494 722 1551 cuculus,
787 1495 867 1541 nifi
938 1496 1174 1557 perquam
1234 1494 1401 1556 paucis
1461 1495 1647 1541 diebus.
1736 1494 1842 1557 Ipse

513 1590 677 1626 autem
726 1579 861 1625 breui
910 1589 1132 1640 tempore
1172 1578 1334 1642 estatis
1383 1578 1523 1635 uisus,
1563 1579 1741 1641 hyeme
1779 1583 1841 1625 n&

366 1677 414 1723 [p.
438 1675 495 1722 55]
515 1664 738 1710 cernitur.
810 1662 895 1708 Est.
935 1662 1010 1708 hic
1052 1679 1211 1723 neque
1248 1661 1450 1708 aduncis
1495 1662 1750 1724 unguibus,
1793 1674 1844 1708 ut

513 1747 755 1809 accipiter,
803 1764 909 1809 neq3
956 1746 1113 1808 capite
1161 1745 1377 1807 accipitri
1420 1744 1608 1792 slmilis:
1657 1745 1736 1792 sed
1787 1764 1845 1793 ea

514 1842 720 1892 utraque
756 1841 894 1891 parte
936 1827 1215 1875 columbum
1265 1828 1427 1890 potius
1474 1831 1622 1890 quam
1672 1829 1844 1891 accipi-

516 1925 639 1961 trem
679 1913 1002 1976 repraesentat.
1082 1913 1189 1959 Nec
1226 1912 1320 1960 alio
1352 1915 1499 1975 quarn
1543 1912 1703 1960 colore
1743 1914 1844 1959 imi-

516 2010 645 2045 tatur
674 1998 966 2059 accipitrem,
997 1997 1076 2043 nifi
1115 1997 1247 2058 qubd
1285 1996 1485 2043 maculis
1522 1996 1842 2060 distinguitur,

517 2099 604 2128 ceu
645 2080 795 2135 lineis,
839 2079 1035 2127 cuculus
1085 2079 1215 2126 uelut
1263 2078 1470 2142 punctis,
1549 2080 1846 2143 Magnitudo

518 2176 611 2226 atq÷
636 2164 827 2211 uolatus
853 2163 1014 2210 similis
1040 2164 1272 2225 accipitrsi
1307 2163 1520 2218 minimo,
1550 2164 1632 2226 qui
1668 2181 1847 2226 magna

518 2266 580 2296 ex
616 2261 753 2311 parte
796 2265 892 2295 non
928 2248 1139 2295 cernitur
1169 2265 1256 2310 per
1295 2248 1342 2294 id
1385 2259 1591 2310 tempus,
1634 2266 1733 2311 quo
1769 2266 1848 2295 cu-

518 2332 652 2380 culus
679 2343 894 2395 apparet.
973 2332 1054 2378 Na
1080 2331 1156 2378 uel
1187 2331 1333 2378 ambo
1359 2334 1454 2378 una
1481 2332 1561 2378 uisi
1584 2331 1848 2395 aliquando

518 2417 638 2463 sunt.
718 2416 851 2477 Quin
877 2416 1023 2462 etiam
1050 2415 1112 2462 ab
1137 2415 1365 2477 accipitre
1397 2415 1628 2462 interimi2
1651 2415 1847 2462 cuculus

519 2500 645 2546 uisus
686 2500 766 2556 est,
804 2499 937 2562 quod
978 2498 1108 2545 nulla
1155 2499 1258 2545 auis
1298 2498 1380 2545 suo
1424 2499 1470 2544 in
1509 2516 1691 2561 genere
1731 2498 1849 2546 solet

520 2583 689 2630 facere.
766 2583 923 2645 pullos
949 2582 1101 2629 cuculi
1139 2599 1283 2629 nemo
1309 2583 1374 2628 ait
1401 2582 1446 2628 se
1472 2582 1648 2629 uidisse.
1724 2583 1848 2644 parit

521 2672 663 2719 tame,
694 2670 862 2713 uerum
900 2683 995 2712 non
1031 2666 1077 2712 in
1106 2665 1233 2719 nido,
1264 2682 1408 2727 quem
1438 2665 1535 2727 ipse
1562 2665 1740 2721 fecerit,
1768 2667 1847 2714 sed

896 2791 907 2813 1
932 2792 1033 2826 Hist.
1053 2792 1129 2825 An.
1151 2792 1207 2825 Bk
1226 2800 1276 2825 Vl.
1297 2801 1444 2833 41—44.

896 2849 909 2871 ²
935 2849 1110 2883 Aristotle
1128 2850 1196 2883 has
1216 2850 1489 2894 κατεσθιόμενος.
