1913 3214
521 101 535 130 1
547 88 608 144 98
1044 86 1095 132 Α
1089 87 1313 149 βρεφῑιίίχ

511 219 612 260 alba
643 220 726 260 est:
765 235 841 273 per
873 221 1087 262 summum
1121 235 1289 274 corpus,
1321 221 1448 269 fusca,
1484 221 1555 262 sed
1593 221 1648 261 ab
1681 220 1841 261 circulo

512 288 586 328 illo
609 289 732 342 nigro
754 290 905 343 pluma
927 290 1026 330 alba
1048 291 1090 330 in
1114 291 1282 331 summo
1304 291 1449 331 diuisa.
1514 291 1741 331 Extremae
1759 290 1839 330 alae

512 361 646 408 atque
678 358 818 397 cauda
848 371 946 398 cum
971 357 1197 410 splendore
1227 358 1450 407 virescunt,
1472 365 1518 399 vt
1542 358 1841 399 cantharides.

513 424 740 465 Tibiarum
765 426 875 466 cutis
899 426 1014 466 fusca
1036 426 1106 474 est,
1130 426 1321 466 incisuris
1344 427 1513 467 leuibus
1537 441 1612 480 per
1640 427 1842 468 circuitus

513 492 653 535 dueta.
718 495 978 536 Membrana
1029 484 1106 548 per
1157 496 1389 536 interualla
1440 497 1677 549 digitorum
1720 496 1842 549 pedis

513 563 706 616 pallescit
730 565 880 617 magis
899 579 984 605 vna
1006 571 1139 618 atque
1162 565 1297 605 altera
1321 565 1506 618 respersa
1529 565 1700 606 macula
1717 565 1843 615 fusca,

514 632 678 674 incerta
711 634 807 686 lege
839 634 1052 686 disposita,
1085 634 1157 673 nifi
1191 635 1233 674 in
1267 635 1497 675 interuallo
1529 634 1676 675 sinistri
1709 635 1843 688 pedis,

514 701 585 740 vbi
621 701 696 741 sex
734 716 811 755 per
847 703 973 754 digiti
1010 704 1198 742 extremi
1236 703 1510 755 longitudine
1545 703 1842 756 disponuntur.

514 770 662 810 Tardo
713 771 851 823 gradu
906 771 1069 811 incedit
1111 778 1289 824 propter
1335 772 1527 825 corporis
1569 772 1842 824 grauitatem.

515 839 619 879 Vox
645 839 703 878 illi
735 852 821 879 non
845 839 985 892 qualis
1015 840 1169 890 ceteris
1196 841 1412 889 anatibus,
1438 841 1507 881 sed
1541 855 1680 889 rauca,
1705 841 1845 894 qualis

515 908 711 949 faucibus
748 909 952 948 humanis
991 909 1191 949 catarrho
1228 909 1416 949 obsessis.
1482 911 1580 950 Mas
1618 910 1756 949 maior
1786 908 1845 949 est

514 976 645 1029 quam
670 977 861 1017 foemina.
925 978 992 1017 Ea
1015 978 1159 1017 similis
1191 979 1297 1018 mari
1328 978 1398 1027 est,
1421 978 1495 1018 nisi
1518 978 1635 1031 qu'od
1666 992 1752 1017 non
1786 978 1846 1017 ita

514 1047 738 1099 variegato
767 1047 959 1100 corporis
982 1047 1125 1087 colore
1148 1044 1217 1087 est.
1280 1048 1403 1087 Viuit
1427 1062 1483 1087 ex
1507 1047 1688 1088 coenosis
1710 1048 1846 1100 aquis,

516 1117 553 1157 &
577 1115 672 1168 alijs
695 1116 852 1169 quibus
875 1122 1019 1166 cetera
1041 1116 1232 1169 vulgaris
1255 1130 1361 1156 anas
1383 1118 1557 1170 gaudet.

339 1271 376 1317 [fi
402 1281 442 1314 19
456 1269 496 1316 b]
717 1258 784 1299 De
814 1260 960 1299 Anate
996 1259 1173 1300 ancz'ca
1192 1260 1288 1312 fine
1318 1260 1469 1301 Indica
1499 1261 1645 1301 altera.

602 1360 741 1401 Anati
774 1361 953 1414 quidem
977 1362 1122 1402 fimilis
1155 1362 1214 1402 est
1237 1377 1335 1416 quae
1359 1363 1543 1403 Turcica
1576 1363 1659 1403 siue
1696 1363 1847 1403 Indica

517 1430 686 1479 dicitur,
719 1430 788 1470 sed
817 1423 1064 1483 quantitate
1098 1431 1135 1471 ἃ
1169 1433 1473 1484 magnitudine
1505 1433 1697 1485 corporis
1729 1432 1847 1473 anse-

517 1512 607 1538 rem
632 1497 718 1539 fere
741 1499 916 1539 diceres.
972 1500 1086 1539 Tota
1109 1499 1168 1539 est
1190 1500 1390 1549 candida,
1415 1500 1487 1540 nisi
1512 1499 1628 1553 quod
1654 1500 1847 1550 rostrum,

517 1568 648 1616 tibiae,
672 1574 804 1621 atque
832 1569 966 1621 pedes
996 1569 1162 1616 rubent,
1187 1583 1350 1624 genaeq3
1382 1571 1485 1609 item
1519 1570 1675 1610 callosa
1707 1584 1847 1619 carne,

517 1637 555 1677 ἃ
578 1636 697 1677 rostri
721 1637 848 1677 tuber
870 1637 994 1690 supra
1017 1651 1152 1677 nares,
1217 1637 1330 1678 Caro
1360 1639 1418 1678 illi
1443 1639 1581 1679 dulcis
1604 1639 1676 1687 est,
1700 1639 1737 1679 δε
1759 1654 1848 1680 vox

517 1705 672 1746 sibilus.
737 1706 849 1747 Sunt
891 1707 983 1746 eius
1024 1708 1195 1760 generis
1238 1708 1440 1760 quedam,
1483 1708 1626 1748 colore
1668 1708 1768 1748 albo
1811 1709 1848 1749 ἃ

518 1775 642 1827 nigro
679 1777 924 1828 variegatae.
992 1777 1039 1816 In
1079 1791 1194 1830 aqua
1232 1778 1351 1826 Viuit,
1389 1776 1531 1833 locisc'f,
1561 1779 1725 1830 gaudet
1762 1792 1848 1818 coe-

518 1845 627 1885 nOslS
665 1852 709 1886 vt
747 1852 903 1896 ceterae
940 1853 1103 1887 anates

969 1987 1037 2027 De
1064 1988 1174 2027 Pica
1205 1987 1389 2028 marina.

608 2091 708 2131 Pica
746 2091 913 2130 marina
942 2091 1007 2143 (vt
1044 2090 1234 2130 nostrum
1271 2090 1426 2143 vulgus
1465 2091 1682 2144 nominat)
1718 2093 1850 2145 paulo

520 2161 658 2201 maior
686 2160 745 2200 est
768 2159 964 2207 terrestri,
987 2159 1144 2199 coloris
1167 2159 1346 2212 quidem
1371 2160 1581 2200 varietate
1603 2161 1645 2201 in
1670 2175 1850 2214 corpore

520 2228 769 2277 s11nilis‚sed
802 2228 946 2268 colore
979 2228 1114 2280 pedis,
1146 2228 1384 2281 digitorum
1419 2242 1613 2278 numero,
1647 2230 1850 2280 incisuris,

519 2299 660 2338 cauda
702 2304 834 2350 atque
876 2297 1010 2337 rostro
1042 2297 1283 2337 admodum
1327 2297 1556 2338 dissimilis.
1621 2299 1737 2339 Nam
1772 2313 1850 2352 pes

521 2367 656 2415 rubet,
698 2366 735 2406 &
780 2366 919 2418 digito
962 2365 1183 2419 posteriori
1226 2366 1483 2414 destituitur,
1525 2380 1604 2406 nec
1646 2366 1849 2408 incisuras

520 2437 653 2477 habet
690 2437 724 2475 is
767 2436 804 2476 &
846 2435 964 2484 tibia,
1008 2435 1077 2475 sed
1121 2435 1422 2488 impressiones
1459 2435 1629 2488 quasdzi,
1671 2435 1849 2488 piscium

521 2504 708 2557 squamis
731 2503 863 2556 quam
888 2504 1137 2544 simillimas.
1201 2504 1336 2543 Fissus
1360 2503 1430 2553 est,
1453 2503 1522 2544 sed
1553 2505 1613 2544 ita
1637 2504 1676 2544 in
1702 2505 1850 2558 digitis

520 2574 671 2628 vtrinq,
699 2573 894 2613 luxuriat
924 2573 1046 2622 cutis,
1070 2573 1398 2626 quemadmodfi
1426 2573 1467 2612 in
1498 2573 1636 2613 fulicis
1660 2572 1782 2626 pene,
1804 2581 1850 2615 vt

521 2644 576 2683 ad
620 2641 814 2682 natandfi
857 2656 1033 2694 quoque
1074 2656 1150 2694 pes
1194 2639 1332 2682 faetus
1374 2642 1583 2682 videatur.
1648 2642 1758 2682 Auis
1791 2643 1849 2683 est

522 2712 798 2764 Amphibios
862 2711 1059 2751 Caudam
1090 2717 1257 2751 curtam
1287 2712 1431 2759 habet,
1455 2712 1633 2751 rostrum
1669 2712 1847 2764 longum

521 2789 602 2836 atq,
638 2786 779 2829 tenue,
813 2780 1230 2833 perpendiculariter
1262 2779 1412 2829 latum,
1441 2794 1526 2820 non
1561 2787 1684 2828 tereS,
1707 2780 1850 2821 colore
