1923 3116
242 140 324 186 xiv
833 139 1172 186 Introduction

239 268 456 326 quiddam
481 273 732 314 ostendunt.
795 273 956 314 collum
987 273 1096 313 duas
1119 273 1362 326 spithamas
1389 274 1570 327 longum
1601 280 1677 323 est,
1699 280 1774 315 aut

238 331 370 384 paulo
389 331 573 384 longius,
591 338 793 380 rostrum,
812 331 930 384 quod
950 331 1128 371 rubrum
1147 331 1292 379 habet,
1312 331 1560 372 dodrantali
1584 331 1774 385 longitu-

240 389 342 429 dine
364 395 430 429 est
448 389 485 430 &
503 396 691 442 quatuor
714 389 863 429 uncias
886 389 1070 442 longius,
1090 389 1127 429 ἃ
1146 389 1188 429 in
1208 389 1292 429 fine
1314 389 1433 429 hami
1452 389 1773 442 propemodum

240 460 360 487 more
395 447 622 487 incuruum
657 447 694 487 ἃ
728 460 877 486 uersus
910 446 1041 487 finem
1072 446 1201 486 latius
1234 447 1401 502 latiusq3
1432 447 1771 500 proturbinatur.

239 518 362 544 crura
391 504 602 544 anserinis
624 504 794 553 similia,
816 505 977 553 breuia,
1000 504 1204 544 nimirum
1230 518 1307 557 pro
1331 504 1635 558 magnitudine
1661 504 1772 545 tanti

239 563 454 615 corporis:
487 563 529 602 in
558 569 733 615 pectore
757 576 967 615 magnum
995 562 1127 602 habet
1150 563 1284 602 ueluti
1312 563 1534 602 sacculum
1568 563 1773 615 protube-

239 626 408 660 rantem
462 620 558 660 Alis
591 627 657 660 est
689 620 968 673 longissimis,
1002 619 1039 659 &
1073 620 1176 672 ipsis
1210 620 1252 659 in
1285 634 1459 660 summa
1490 621 1774 661 extremitate

241 678 385 730 nigris,
418 677 532 719 Guil.
567 678 790 718 Turnerus
825 678 865 717 in
902 677 1088 730 epistola
1122 677 1177 717 ad
1216 691 1352 718 me...

327 736 538 776 Bononiae
572 736 689 775 uisus
722 742 788 776 est
818 736 922 775 mihi
952 735 1232 775 onocrotalus
1254 735 1406 786 (uerba
1439 742 1541 776 sunt
1573 750 1630 775 ex
1662 735 1774 789 epis-

239 793 329 833 tola
362 793 498 846 Angli
531 794 758 833 cuiusdam
802 793 930 833 amici
973 792 1028 832 ad
1073 793 1161 843 me)
1198 793 1358 845 plumis
1401 793 1581 834 cinereis
1615 800 1768 842 tectus,

238 865 383 904 cygno
419 851 567 899 maior,
600 851 827 903 palmipes,
860 851 1003 904 capite
1036 850 1185 902 mergi,
1218 857 1357 891 rostro
1388 857 1577 903 quatuor
1603 851 1773 903 palmas

239 907 326 949 fere
361 909 505 961 longo,
538 909 575 949 ἃ
609 909 650 948 in
685 908 770 948 fine
801 908 986 957 adunco,
1018 908 1131 948 collo
1163 907 1372 961 deplumi,
1404 908 1688 961 amplissimo,
1727 915 1775 949 ut

240 973 416 1007 anatem
440 966 651 1007 deuorare
674 973 832 1018 posset.
896 965 1084 1018 Captam
1109 965 1251 1006 aiebat
1274 966 1315 1005 in
1340 966 1435 1005 lacu
1461 967 1701 1006 Benaco...

328 1024 443 1066 Solis
481 1025 652 1064 uictitat
695 1024 897 1077 piscibus,
936 1023 973 1063 δι
1011 1023 1077 1062 bis
1114 1030 1288 1063 tantum
1326 1037 1443 1063 anno
1484 1023 1605 1064 bibit.
1667 1024 1777 1064 Tur-

240 1083 575 1122 nerus...Pisces
608 1083 848 1135 praesertim
879 1081 1095 1133 anguillas
1125 1079 1377 1121 auidissime
1409 1088 1534 1121 uorat
1569 1083 1777 1122 botaurus

238 1140 343 1189 auis,
376 1141 609 1180 Turnerus.
671 1139 787 1179 idem
826 1139 991 1179 amicus
1024 1138 1203 1191 quidam
1238 1139 1293 1179 de
1329 1140 1586 1179 onocrotalo
1618 1140 1673 1180 ad
1707 1154 1776 1181 me

238 1198 421 1250 scripsit.
483 1211 566 1250 ego
594 1197 897 1237 onocrotalum
927 1196 1104 1249 quidem
1129 1197 1210 1236 hoc
1235 1196 1374 1236 facere
1398 1211 1484 1237 non
1509 1198 1663 1238 dubito
1684 1214 1691 1238 :
1722 1199 1777 1239 de

239 1256 424 1296 botauro
451 1256 640 1296 dubitari
671 1262 828 1308 potest,
853 1254 1096 1307 praesertim
1120 1269 1219 1294 cum
1245 1255 1370 1294 multi
1393 1255 1477 1295 etia
1500 1269 1586 1295 non
1611 1255 1775 1297 indocti

239 1328 337 1354 cum
361 1314 618 1354 onocrotalo
640 1327 740 1353 eum
765 1313 1049 1353 confundant.

751 1463 818 1503 Dc
848 1463 1025 1503 Perdice
1055 1467 1114 1516 (p.
1146 1464 1261 1514 644).

329 1568 495 1622 ...Quae
524 1568 786 1608 Aristoteles
815 1567 852 1608 ἃ
884 1567 1071 1609 Ouidius
1104 1567 1158 1606 de
1191 1566 1366 1619 perdice
1398 1567 1604 1616 scribunt,
1627 1568 1776 1608 omnia

238 1634 398 1667 nostrae
422 1627 584 1679 perdici
609 1626 777 1679 uulgari
805 1626 1086 1673 conueniunt,
1109 1638 1269 1677 nempe
1302 1624 1479 1665 uolandi
1512 1625 1778 1682 nidulandiq3

239 1685 360 1733 ratio,
402 1685 575 1733 astutia,
617 1685 730 1724 circa
773 1684 939 1737 prolem
983 1683 1228 1731 solicitudO,
1265 1683 1458 1735 corporis
1499 1684 1705 1735 grauitaS,
1738 1684 1776 1725 ἃ

239 1743 358 1783 uocis
381 1743 552 1788 stridor,
574 1741 599 1782 a
620 1756 708 1795 quo
738 1742 871 1782 etiam
907 1755 1066 1781 nomen
1095 1740 1316 1793 accepisse
1348 1740 1531 1790 uidetur,
1555 1741 1776 1782 Turnerus

239 1802 280 1841 in
304 1800 490 1853 epistola
512 1801 567 1840 ad
591 1814 681 1840 nos

325 1939 421 1979 The
458 1938 647 1979 ‘Avium
686 1935 1295 1991 praecipuartim...Historia'
1332 1950 1420 1976 was
1458 1937 1679 1989 reprinted
1717 1939 1776 1992 by

241 2010 305 2049 Dr
347 2009 520 2061 George
567 2008 843 2060 Thackeray,
888 2008 1071 2047 Provost
1113 2006 1163 2046 of
1210 2006 1366 2059 King's
1409 2006 1600 2060 College,
1644 2007 1774 2049 Carn-

239 2080 403 2132 bridge‚
436 2079 478 2118 in
522 2081 648 2130 1823;
692 2079 769 2118 but
802 2078 877 2118 the
909 2078 1074 2130 reprint
1107 2077 1141 2116 is
1174 2091 1221 2116 as
1254 2090 1347 2116 rare
1381 2090 1442 2126 as,
1480 2076 1515 2116 is
1546 2083 1623 2117 not
1661 2092 1777 2118 rarer

238 2148 357 2196 than,
405 2147 479 2187 the
528 2147 725 2200 original.
806 2146 914 2186 Two
965 2146 1112 2199 copies
1159 2159 1231 2186 are
1283 2146 1325 2185 in
1378 2145 1452 2186 the
1500 2145 1685 2198 Library
1733 2146 1783 2187 of

241 2217 397 2269 King's
430 2216 621 2269 College.

325 2332 421 2372 The
444 2331 668 2384 following
691 2332 725 2371 is
748 2346 773 2371 a
796 2331 867 2371 list
890 2330 940 2370 of
965 2331 1039 2371 the
1065 2331 1191 2371 Birds
1214 2329 1489 2371 determined
1514 2330 1573 2383 by
1596 2330 1778 2372 Turner.

237 2443 484 2476 ALAUDIDAE.
566 2440 725 2474 Alauda
787 2439 970 2473 arvcnsis.
1043 2439 1332 2473 ALCEDINIDAE.
1430 2438 1568 2472 Alcedo
1641 2439 1776 2483 z'spida.

332 2499 428 2533 Lerk
462 2510 503 2532 or
539 2497 739 2532 Laverock.
805 2498 970 2531 German
1139 2497 1292 2539 Kynges
1311 2496 1453 2530 fissher.
1503 2496 1546 2530 G.
1566 2496 1777 2541 Eszsvogel,

331 2556 459 2599 Lerch,
486 2568 519 2601 p.
548 2558 601 2591 80.
1136 2566 1196 2599 pp.
1221 2554 1365 2588 18—22.

285 2616 334 2650 A.
355 2615 516 2649 arborea.
568 2613 782 2654 VVodlerck,
801 2626 833 2658 p.
855 2614 908 2648 80.
1136 2611 1297 2658 [Turner
1322 2611 1543 2655 recognised
1569 2619 1641 2646 two
1667 2612 1778 2647 kinds

284 2675 333 2708 Α.
368 2673 451 2718 sp.?
508 2672 632 2706 Wilde
668 2673 759 2706 Lerc
793 2683 835 2705 or
870 2671 972 2705 Heth
1137 2669 1178 2704 of
1218 2669 1452 2713 Kingfishers
1494 2669 1691 2704 described
1730 2671 1780 2715 by

334 2733 438 2767 Lerk.
492 2733 535 2766 G.
564 2731 670 2765 Hem'
690 2730 819 2773 Lerclc,
845 2741 878 2774 p.
907 2730 960 2763 80.
1137 2727 1315 2761 Aristotle
1393 2727 1467 2760 and
1537 2727 1654 2771 Pliny,
1713 2728 1780 2763 but

286 2791 455 2826 Galerita
484 2791 648 2824 cristata.
700 2787 779 2834 [No
814 2787 973 2832 English
1137 2786 1227 2820 does
1279 2790 1343 2818 not
1393 2791 1489 2820 state
1541 2785 1639 2820 what
1692 2786 1781 2831 they

331 2846 467 2893 name]
519 2848 562 2882 G.
585 2848 734 2891 Colunt,
753 2858 786 2892 p.
808 2846 861 2880 80.
1137 2843 1223 2887 are}
