1913 3214
478 132 571 177 208
1010 130 1061 176 Α
1058 130 1280 192 ppendz'x

476 264 615 304 maior
637 277 692 304 ne
713 263 762 304 fit
790 278 848 304 ex
882 264 943 304 eis
966 264 1131 304 vtilitas
1163 263 1278 317 agris
1307 264 1411 304 dum
1446 263 1598 317 legunt
1619 278 1808 314 vermen,

475 322 611 375 frugis
654 322 691 362 &
734 321 937 362 sementis
979 322 1155 375 pestem,
1197 336 1252 362 an
1297 321 1510 362 inutilitas
1556 322 1808 363 hominibus

475 380 581 420 dum
623 386 780 420 vorant
815 393 1015 432 granum,
1049 379 1238 420 hominis
1271 380 1600 420 nutrimentum.
1662 380 1808 421 Tanta

475 440 623 478 tamen
648 437 885 478 multitudo
912 437 983 485 est,
1004 443 1050 478 vt
1079 438 1248 490 legibus
1280 437 1653 479 condemnentur:
1686 438 1808 478 inno-

475 510 577 536 cens
610 495 772 548 alioqui
811 496 904 536 auis
941 501 1022 550 atq⁷
1062 496 1188 536 Vtilis.
1251 495 1472 548 Agricolis
1513 496 1629 536 enim
1671 496 1808 536 teneri

475 553 618 594 adhuc
648 567 705 593 ex
735 553 850 601 nido,
874 553 915 593 in
946 553 1044 593 cibo
1066 552 1173 594 sunt.
1236 554 1338 593 Non
1369 553 1442 593 nifi
1475 553 1654 594 excelsis
1683 554 1807 594 arbo-

475 611 605 660 ribus,
647 609 778 664 iddue
820 611 1025 651 societate
1072 612 1265 664 quadam
1308 610 1528 666 numeroq,
1570 611 1809 661 nidificant,

476 669 745 717 cohabitant,
777 669 814 709 ἃ
847 668 1087 709 confidunt.

937 850 1004 891 De
1037 850 1348 904 Sacropfittaco.

565 963 851 1004 Pfittacorum
875 964 1000 1017 plura
1023 964 1105 1004 esse
1127 978 1287 1017 genera
1316 964 1552 1006 obseruaui.
1615 965 1810 1020 Quidam

477 1022 594 1062 enim
618 1022 767 1075 pufilli,
793 1022 1098 1074 magnitudine
1130 1022 1333 1063 videlicet
1365 1023 1492 1072 turdi,
1515 1031 1609 1065 toto
1632 1025 1809 1077 quidem

477 1094 659 1133 corpore
681 1079 840 1120 virides
863 1080 970 1128 sunt,
993 1080 1062 1120 sed
1087 1082 1273 1121 caudam
1303 1081 1480 1134 longam
1511 1089 1643 1135 atque
1674 1083 1811 1135 graci-

479 1138 578 1184 lem,
601 1138 638 1178 &
662 1151 758 1177 eam
782 1145 858 1178 aut
883 1138 1053 1187 flauam,
1070 1139 1266 1187 viridem,
1284 1146 1359 1179 aut
1381 1141 1613 1192 puniceam
1636 1141 1811 1182 habent.

479 1196 691 1250 Quidem1
711 1196 873 1236 rursum
893 1197 1081 1248 grandes
1100 1196 1195 1237 sunt
1213 1196 1468 1247 admodum,
1486 1199 1668 1239 cornicis
1692 1213 1813 1252 mag-

478 1254 690 1302 nitudine>
707 1268 763 1294 ex
787 1261 882 1294 toto
904 1255 1076 1307 punicei
1101 1254 1169 1295 seu
1193 1256 1321 1304 rubri,
1346 1256 1418 1295 nisi
1442 1255 1518 1297 sub
1541 1257 1629 1297 imo
1651 1264 1814 1306 ventre,

341 1319 378 1365 [f.
399 1319 458 1366 23]
478 1312 690 1353 extremis
722 1312 813 1361 alis,
846 1312 884 1353 &
917 1313 1086 1352 extima
1119 1312 1271 1362 cauda,
1293 1313 1452 1366 quibus
1485 1315 1683 1367 partibus
1712 1329 1812 1355 cum

194 2249 365 2283 Sacrum.

478 1371 668 1410 coeruleo
702 1370 928 1411 virescunt.
993 1371 1076 1410 His
1114 1371 1295 1411 rostrum
1338 1371 1397 1412 est
1432 1375 1606 1425 magnfi,
1643 1387 1813 1423 cauum,

478 1428 760 1482 pellucidum,
783 1428 820 1468 ἃ
854 1428 1088 1478 aduncum,
1112 1429 1258 1469 medio
1290 1435 1464 1470 tantum
1495 1431 1554 1470 sui
1588 1431 1813 1484 pallidum,

478 1494 662 1540 Vtroque
694 1493 895 1526 extremo
918 1501 974 1526 ex
999 1493 1122 1540 parte
1144 1488 1329 1539 nigrum,
1352 1494 1398 1528 vt
1422 1488 1459 1529 ἃ
1483 1488 1658 1529 inferior
1688 1503 1813 1530 max-

479 1545 552 1585 illa
583 1552 677 1585 tota
710 1546 846 1597 nigra,
871 1545 992 1584 cuius
1025 1545 1262 1585 cauitatem
1295 1545 1444 1597 lingua
1476 1547 1584 1587 dura
1618 1547 1655 1588 ἃ
1688 1549 1814 1601 nigra

477 1610 720 1653 ceterorum
746 1602 1030 1642 Pfittacorum
1056 1604 1188 1643 modo
1207 1603 1399 1644 &forma
1416 1613 1613 1658 occupat.
1666 1605 1814 1647 Vtrin-

477 1675 563 1714 que
594 1674 732 1714 genae,
755 1661 795 1700 in
831 1667 930 1701 cute
963 1661 1127 1714 rugosa,
1158 1661 1296 1714 figura
1328 1660 1416 1702 fere
1448 1663 1703 1716 triangulari
1736 1665 1812 1705 ob-

477 1719 581 1765 tusa,
614 1719 860 1767 candicant,
893 1718 1032 1759 rubris
1070 1719 1267 1759 mollium
1302 1733 1544 1773 pennarum
1587 1722 1813 1763 ordinibus

477 1776 756 1830 equidistanti
799 1776 1009 1829 parallelo
1047 1776 1247 1825 inductis,
1284 1778 1321 1818 ἃ
1359 1778 1518 1819 alicubi
1556 1780 1688 1820 etiam
1726 1781 1812 1822 fine

478 1836 640 1875 ordine.
704 1834 871 1876 Oculus
918 1848 1091 1887 paruus,
1129 1835 1166 1876 ἃ
1214 1836 1256 1875 in
1302 1836 1403 1876 albo
1445 1837 1543 1878 cilio
1585 1839 1810 1879 cuticulari

478 1893 749 1941 constitutus,
781 1893 995 1945 pupillam
1029 1892 1162 1933 habet
1196 1894 1377 1946 nigram,
1416 1909 1548 1947 quam
1584 1896 1811 1937 circundat

478 1965 633 1991 aureus
680 1950 876 1990 circulus.
941 1951 1117 2003 Digitos
1166 1951 1299 1992 habet
1341 1959 1531 2004 quatuor
1571 1954 1631 1994 ita
1684 1954 1810 1995 effor-

478 2015 633 2057 matos,
662 2015 708 2049 vt
739 2008 941 2048 videatur
972 2015 1128 2049 natura
1160 2009 1338 2049 voluisse
1376 2024 1529 2051 omnes
1571 2014 1809 2054 anteriores

479 2067 631 2115 fecisse,
673 2066 878 2106 retorfisse
924 2073 1072 2106 tamen
1116 2067 1226 2107 duos
1273 2068 1314 2107 in
1363 2069 1558 2109 auersum
1608 2070 1808 2111 firmandi

479 2125 671 2177 corporis
720 2124 856 2164 causa.
922 2124 1018 2164 Hos
1067 2125 1243 2165 Brasilia
1286 2125 1431 2174 mittit,
1472 2141 1582 2180 quos
1632 2137 1811 2181 propter

479 2183 688 2235 infignem
732 2181 1083 2235 magnitudinem
1137 2183 1479 2236 Sacropsittacos
1516 2187 1808 2228 nominamus.

480 2241 663 2281 Veteres
714 2240 831 2280 enim
884 2239 1002 2292 quod
1060 2241 1303 2293 preclarum
1357 2242 1654 2297 magnumque
1706 2252 1810 2294 erat,

480 2298 644 2339 sacrum
682 2297 899 2338 dicebant.
961 2298 1022 2338 Vt
1065 2298 1228 2339 sacrum
1266 2313 1326 2348 os,
1361 2300 1521 2341 sacram
1559 2303 1810 2353 anchoram,

479 2356 643 2397 sacrum
677 2355 905 2403 falconem,
929 2369 1060 2408 quem
1092 2356 1430 2398 hierosalconem
1458 2359 1620 2409 dicunt,
1643 2361 1807 2401 sacrum

479 2414 650 2467 piscem,
674 2411 784 2465 ἱερὸν
805 2411 939 2461 μένος,
965 2413 1126 2454 sacram
1151 2414 1325 2464 famem,
1349 2416 1386 2456 ἃ
1411 2416 1574 2456 sacrum
1595 2419 1808 2460 morbum.

482 2472 627 2512 Huius
678 2471 848 2524 generis
900 2471 1136 2524 imaginem
1189 2486 1322 2525 quam
1365 2472 1389 2513 a
1431 2474 1556 2514 nobis
1597 2476 1810 2529 accepisti,

480 2529 699 2582 subiunge.
763 2528 942 2579 Ceteros
990 2530 1101 2570 inter
1151 2530 1230 2570 hos
1283 2532 1587 2584 magnitudine
1629 2535 1809 2582 medios,

480 2587 577 2627 aliae
610 2588 820 2639 regioneS,
842 2593 887 2626 vt
920 2586 1055 2627 insula
1091 2587 1315 2641 Hispania,
1339 2589 1586 2642 Aegyptus,
1609 2591 1646 2632 82
1683 2592 1810 2633 India

480 2645 636 2693 serunt,
678 2644 748 2684 sed
801 2644 945 2684 colore
996 2645 1126 2685 vario.
1188 2645 1279 2698 Alij
1333 2647 1450 2686 enim
1493 2654 1588 2688 toto
1630 2663 1810 2703 corpore

479 2703 664 2750 cinereo,
695 2702 857 2743 caudas
891 2702 1055 2743 habent
1088 2702 1230 2752 fultas,
1263 2704 1482 2745 breuiores
1520 2706 1558 2746 ἃ
1591 2708 1809 2759 puniceas

885 2847 895 2868 ¹
922 2848 956 2882 A
974 2848 1144 2893 misprint
1162 2848 1218 2882 sor
1236 2849 1408 2893 Quidam.
