1913 3214
457 101 551 135 200
984 89 1257 152 Appendz’x

452 218 494 258 in
523 219 692 260 summo
726 221 781 261 ad
817 227 950 274 caput
984 221 1175 272 rubrum,
1205 237 1281 276 per
1312 222 1527 276 reliquum
1564 224 1789 278 pallidum,

452 298 531 325 nec
565 285 625 325 est
657 286 699 325 in
735 285 820 327 fine
852 293 1042 336 acutum,
1074 288 1145 328 sed
1188 288 1390 330 obtusum
1434 289 1489 330 id.
1554 290 1603 330 In
1643 290 1789 331 mensa

451 357 577 404 grata
609 351 702 392 auis
735 351 808 393 est.

768 449 836 490 De
857 449 1032 502 gallina
1068 449 1222 491 Getula
1251 451 1483 506 douzqstz'ca.

541 528 716 569 Gallina
749 529 909 570 Getula
941 530 1190 580 domestica,
1212 531 1345 584 paulo
1379 532 1520 572 minor
1550 532 1694 573 nostra
1715 533 1786 582 est,

312 601 349 648 [f.
371 601 431 648 20]
452 595 596 635 colore
638 596 681 636 in
724 596 916 648 supernis
954 595 1132 637 obscure
1169 597 1293 646 ruffa,
1325 599 1367 638 in
1402 599 1579 639 infernis
1612 600 1786 653 pallida,

452 661 603 715 pluma
645 663 801 716 capitis
844 663 1132 716 incomposita
1175 665 1212 705 81
1255 663 1411 714 erecta,
1453 665 1576 706 crista
1619 666 1788 716 serrata,

452 729 621 778 humili,
656 729 850 783 simplici,
888 744 1070 771 carnea:
1121 732 1347 784 gutturosa
1385 734 1525 786 magis
1564 733 1789 787 perpetuo,

451 795 584 848 quam
608 795 762 836 nostrae
786 810 886 836 cum
909 797 1129 850 glociunt:
1161 797 1281 850 tibijs
1312 797 1587 852 pedibusque
1619 800 1790 853 plumo-

452 862 513 911 slS,
547 861 742 903 maxime
775 877 852 916 per
884 864 1105 904 exteriora
1143 864 1180 905 ἃ
1219 864 1455 918 posteriora
1489 872 1534 906 vt
1562 865 1789 915 columbis,

451 942 505 969 ne
528 943 605 982 per
627 929 851 969 interiores
881 929 1055 982 plumas
1084 930 1246 983 gressus
1278 931 1612 984 impedirentur:
1646 937 1791 982 cetera

450 1002 498 1036 vt
519 996 724 1049 vulgaris.

933 1053 1001 1094 De
1031 1054 1309 1108 Meleagride.

540 1135 779 1188 Meleagris
811 1135 1105 1189 pulcherrima
1137 1135 1231 1175 auis
1263 1135 1334 1184 est,
1359 1136 1666 1189 magnitudine
1697 1151 1789 1177 cor-

452 1202 581 1254 poris,
604 1201 755 1254 figura,
787 1201 931 1249 rostro,
964 1201 1001 1242 &
1034 1202 1147 1254 pede
1182 1201 1393 1242 Phasiano
1425 1202 1596 1244 similis:
1629 1204 1791 1245 vertice

453 1281 623 1316 corneo,
658 1268 700 1307 in
745 1268 916 1320 apicem
960 1281 1167 1307 corneum
1211 1266 1235 1307 a
1274 1267 1494 1320 posteriori
1534 1276 1659 1322 parte
1696 1284 1790 1323 pre-

452 1334 644 1386 cipitem,
667 1334 708 1373 in
732 1333 937 1374 anteriori
962 1333 1117 1373 leniter
1139 1334 1350 1373 acclinem
1374 1334 1560 1385 eleuato‚
1583 1342 1790 1377 armatus.

456 1400 569 1440 Eum
614 1407 768 1441 natura
811 1400 990 1441 voluisse
1031 1400 1205 1440 videtur
1247 1400 1436 1440 inferiori
1480 1402 1637 1454 capitis
1676 1403 1789 1455 parti

452 1466 591 1506 tribus
633 1466 766 1506 veluti
819 1466 987 1518 lacinijs
1030 1466 1070 1506 se
1113 1466 1472 1518 promittentibus
1514 1468 1791 1509 committere

452 1538 584 1584 atque
616 1532 832 1584 deligare:
866 1533 978 1572 inter
1008 1531 1183 1572 oculum
1219 1532 1256 1572 81
1290 1546 1439 1572 aurem
1468 1534 1671 1586 vtrinque
1693 1548 1790 1584 vna,

453 1596 491 1637 ἃ
522 1598 563 1637 in
598 1597 740 1638 fronte
773 1598 918 1637 media
956 1598 1061 1637 item
1086 1611 1187 1637 vna:
1232 1598 1435 1638 omnibus
1469 1599 1659 1639 eiusdem
1690 1614 1789 1640 cum

452 1665 612 1704 vertice
647 1664 826 1704 coloris:
869 1664 929 1704 ita
964 1671 1010 1704 vt
1048 1664 1228 1704 insideat
1266 1665 1399 1717 capiti
1436 1679 1488 1706 eo
1524 1666 1668 1716 modo,
1703 1681 1791 1720 quo

453 1730 620 1771 ducalis
654 1731 794 1784 pileus
827 1730 1111 1771 illustrissimo
1143 1730 1243 1770 duci
1278 1731 1464 1778 Veneto,
1495 1732 1519 1771 s1
1555 1733 1674 1785 quod
1702 1733 1788 1774 iam

452 1796 680 1836 aduersum
705 1796 776 1844 est,
799 1796 996 1836 auersum
1022 1795 1153 1836 fieret.
1218 1796 1418 1849 Rugosus
1438 1798 1471 1836 is
1490 1797 1569 1837 est:
1602 1798 1790 1849 inferius,

452 1876 527 1915 per
550 1862 777 1903 circuitum
797 1878 803 1902 :
835 1877 922 1915 qua
945 1862 984 1902 se
1007 1862 1166 1910 attolit,
1189 1862 1231 1901 in
1255 1860 1482 1903 directum.
1548 1863 1597 1903 In
1622 1863 1790 1904 summo

452 1927 564 1968 collo
602 1928 657 1968 ad
695 1928 950 1980 occipitium
995 1927 1228 1967 nascuntur
1271 1926 1402 1967 erecti
1437 1928 1618 1980 quidam
1657 1936 1789 1982 atque

453 1994 563 2047 nigri
602 1994 677 2046 pili
721 1996 825 2044 (non
870 1995 1053 2047 plumae)
1087 1995 1128 2033 in
1172 1994 1438 2034 contrarium
1481 1995 1597 2036 versl.
1660 1996 1788 2037 Oculi

451 2060 533 2099 toti
567 2060 690 2112 nigri,
728 2058 853 2112 aeque
890 2059 927 2099 ἃ
966 2060 1008 2099 in
1047 2060 1196 2099 orbem
1234 2060 1458 2113 palpebrae
1496 2067 1577 2115 atq,5
1615 2062 1724 2110 cilia,
1760 2062 1786 2102 fi

452 2126 669 2166 maculam
702 2127 743 2165 in
772 2126 939 2166 summa
973 2126 1010 2166 &
1043 2125 1265 2179 posteriori
1295 2133 1419 2178 parte
1452 2126 1662 2181 supercilij
1688 2130 1789 2169 vtri-

451 2192 584 2245 usque
617 2193 781 2233 demas.
848 2193 991 2233 Imum
1025 2199 1159 2245 caput
1190 2206 1267 2245 per
1299 2192 1622 2246 longitudinem
1655 2196 1787 2235 vtrin-

451 2273 536 2312 que
578 2273 679 2300 caro
717 2260 909 2313 quedam
944 2260 1102 2300 callosa
1138 2260 1283 2300 colore
1321 2260 1556 2314 sanguineo
1590 2270 1789 2315 occupat,

450 2340 548 2379 quae
582 2340 635 2366 ne
664 2326 939 2379 propendeat
971 2326 1105 2366 veluti
1140 2326 1255 2367 Galli
1288 2327 1518 2379 gallinacei
1551 2329 1709 2381 palea¹‚
1742 2336 1788 2370 vt

275 2401 312 2447 [s.
333 2401 430 2447 20b]
451 2393 734 2446 replicaretur
768 2400 925 2433 natura
959 2394 1108 2442 voluit,
1142 2393 1179 2434 &
1222 2394 1371 2434 auerso
1413 2393 1548 2435 ductu
1591 2396 1634 2435 in
1677 2398 1787 2436 duos

450 2460 666 2513 processus
718 2466 870 2500 acutos
923 2459 947 2499 a
989 2461 1132 2513 capite
1174 2460 1332 2501 liberos
1375 2461 1528 2502 finiret.
1592 2463 1664 2502 Ex
1706 2463 1788 2504 hac

450 2540 579 2566 carne
605 2525 813 2566 attollunt
836 2526 876 2566 se
898 2527 1100 2580 vtrinque
1131 2527 1388 2576 carunculae,
1413 2529 1572 2581 quibus
1595 2543 1719 2570 nares
1743 2531 1785 2570 in

450 2592 618 2632 ambitu
651 2591 900 2642 vcstiuntur,
925 2593 962 2633 ἃ
992 2600 1124 2646 caput
1147 2594 1189 2633 in
1213 2594 1417 2634 anteriori
1441 2601 1566 2647 parte
1595 2594 1620 2635 a
1642 2602 1786 2645 cetero

450 2658 584 2698 rostro
616 2658 781 2711 pallido
814 2658 1044 2711 separatur.
1110 2659 1233 2699 Harii
1266 2660 1320 2700 ad
1354 2660 1534 2700 rostrum
1569 2663 1787 2715 margines

450 2723 683 2771 inferiores,
707 2724 972 2776 replicantur
998 2725 1129 2765 etiam
1165 2725 1318 2765 leuiter
1349 2726 1425 2766 sub
1456 2734 1640 2780 Vtroque
1672 2742 1783 2769 nare.

601 2803 610 2824 ¹
640 2805 809 2848 Possibly
829 2806 837 2822 ‘
850 2804 975 2849 palea'
995 2805 1024 2839 is
1044 2817 1065 2839 a
1083 2805 1254 2851 misprint
1275 2808 1329 2841 for
1349 2807 1495 2851 ‘galea‚²
1514 2809 1633 2843 comb.
