1913 3214
433 126 523 171 194
961 108 1014 154 Α
1009 108 1233 172 ppendz'x

427 260 546 287 mam
579 259 740 300 aquam
774 245 1019 295 ascendere,
1046 245 1087 285 in
1122 244 1261 297 eadue
1293 243 1466 284 fluitare
1497 250 1544 284 vt
1566 243 1766 298 sopitum,

427 336 516 375 quo
539 320 707 361 facilior
728 321 866 374 preda
895 320 943 360 s1t
965 319 1145 360 volanti.
1212 319 1357 375 Ideoq3
1387 319 1478 359 eius
1511 319 1647 372 adeps
1679 325 1768 359 stu-

428 397 586 437 diosius
609 396 848 436 asseruatur
869 395 894 436 a
924 396 1077 436 nostris
1109 395 1407 449 piscatoribus,
1431 393 1547 448 quod
1582 395 1768 435 eandem

429 472 517 511 vim
550 471 713 511 habere
744 471 947 511 creditur.
1011 471 1283 523 Frequentes
1315 469 1411 509 sunt
1454 470 1570 522 apud
1605 483 1685 509 nos
1726 470 1768 509 in

431 546 662 587 maritimis
700 546 807 586 locis
852 544 889 585 &
932 542 1059 585 Veffi
1103 544 1250 585 insula.
1314 544 1460 584 Nostri
1503 558 1557 584 an
1602 544 1770 598 Osprey

430 627 601 662 vocant.
667 620 867 660 Moribus
900 619 1099 672 placidus
1131 618 1191 659 est
1224 618 1261 659 &
1295 617 1548 666 traffiabilis
1573 618 1610 659 &
1643 617 1771 657 famis

294 705 331 752 [f.
356 704 412 751 18]
432 695 785 750 patientissimus.
848 694 976 735 Vixit
999 694 1115 735 enim
1143 693 1308 747 septem
1333 694 1425 734 dies
1453 694 1569 747 apud
1594 707 1664 733 me
1687 693 1773 733 slne

431 771 542 819 cibo,
565 769 603 810 &
634 770 675 809 in
707 769 796 809 alta
828 768 1003 822 quiete:
1036 768 1109 808 nisi
1142 768 1169 808 si
1203 768 1285 808 hoc
1318 782 1406 808 non
1440 782 1535 808 mos
1568 767 1669 808 fecit
1702 767 1772 808 sed

433 845 583 890 fames,
598 858 697 898 quae
719 844 870 883 omnia
893 843 1058 883 domat.
1113 842 1301 884 Carnem
1326 843 1520 883 oblatam
1543 842 1772 882 recusauit:

434 919 593 973 piscem
630 932 717 958 non
755 917 908 967 obtuli,
945 916 1064 970 quod
1103 931 1203 958 eum
1242 931 1299 957 ex
1334 917 1417 957 hoc
1452 919 1598 958 viuere
1630 917 1774 957 didici.

435 996 550 1037 Caro
573 995 633 1035 illi
658 995 783 1047 nigra
806 993 876 1034 est.

854 1097 921 1137 De
950 1096 1096 1149 ansere
1124 1096 1354 1138 Brendino.

525 1177 666 1218 Anser
689 1177 948 1226 Brendinus‚
972 1177 1065 1217 auis
1089 1176 1147 1217 est
1182 1177 1362 1225 marina,
1386 1177 1615 1230 palmipes,
1639 1176 1778 1230 figura

438 1253 610 1302 anseris,
652 1253 722 1294 sed
778 1252 1086 1306 magnitudine
1139 1252 1272 1305 paulo
1314 1252 1437 1302 infra,
1481 1253 1626 1307 capite
1677 1253 1778 1294 albo

439 1329 605 1382 exiguo
629 1329 666 1369 ἃ
690 1335 826 1377 curto,
850 1328 920 1368 sed
945 1327 1079 1368 rostro
1103 1328 1240 1381 nigro,
1265 1327 1288 1368 a
1312 1342 1399 1382 quo
1423 1329 1537 1369 linea
1567 1329 1691 1383 nigra
1723 1330 1778 1370 ad

440 1405 616 1445 oculum
649 1411 885 1457 Vtrumque
927 1404 1113 1452 ducitur,
1151 1403 1263 1445 collo
1296 1403 1424 1452 fusco,
1457 1403 1482 1444 a
1515 1402 1692 1458 pectore
1724 1405 1778 1445 ad

441 1479 628 1520 caudam
653 1493 711 1519 ex
742 1478 928 1518 dimidio
961 1491 1143 1531 corpore
1177 1478 1367 1518 inferiori
1401 1478 1515 1528 albo,
1537 1480 1782 1520 coxendice

444 1555 615 1595 murino
652 1555 719 1607 (vt
761 1553 821 1594 est
865 1553 1095 1594 Columbae
1137 1553 1329 1606 vulgaris
1372 1553 1491 1594 color
1532 1561 1607 1594 aut
1645 1554 1783 1607 gruis)

443 1645 500 1671 ex
525 1629 743 1683 superiori,
767 1629 822 1669 ad
856 1628 1017 1668 collum
1042 1627 1170 1678 fusco,
1192 1635 1238 1669 vt
1271 1628 1309 1669 ἃ
1339 1629 1393 1669 ad
1425 1629 1612 1670 caudam
1637 1629 1784 1670 medio

445 1705 556 1744 inter
589 1710 769 1758 Vtrumq,
800 1703 999 1742 murino:
1032 1702 1113 1742 alis
1146 1702 1251 1742 item
1286 1702 1478 1751 murinis,
1510 1716 1609 1743 cum
1643 1703 1785 1744 cauda

446 1778 724 1832 longitudine
757 1777 947 1831 paribus
978 1777 1047 1818 sed
1081 1778 1237 1830 pennis
1269 1778 1324 1818 ad
1359 1784 1609 1819 extremum
1644 1779 1785 1820 obfus-

446 1853 564 1893 catis.
629 1851 784 1893 Cauda
813 1852 936 1904 nigra
966 1851 1026 1892 est
1055 1865 1112 1892 ex
1146 1851 1247 1892 albo
1279 1858 1420 1901 enata,
1445 1853 1557 1906 pede
1591 1853 1715 1906 nigro
1747 1853 1785 1895 &

448 1927 656 1981 palmato.
719 1926 920 1980 Gregalis
971 1926 1065 1966 auis
1117 1926 1177 1967 est
1229 1927 1267 1968 &
1308 1928 1493 1981 garrula.
1558 1928 1631 1969 Ex
1674 1929 1787 1983 pisce

448 2003 570 2051 viuit,
613 2002 817 2055 frequens
859 2002 977 2054 apud
1027 2015 1106 2042 nos
1150 2015 1227 2055 per
1269 2001 1418 2043 littora
1460 2004 1502 2043 in
1547 2004 1786 2046 Britannia.

450 2078 625 2131 Vulgus
659 2078 971 2118 Britannorum
996 2078 1112 2130 quod
1149 2078 1204 2117 ad
1236 2077 1359 2118 littus
1388 2079 1562 2120 habitat
1585 2079 1609 2120 a
1632 2081 1788 2122 coloris

450 2153 663 2193 varietate
698 2166 722 2192 a
756 2151 1005 2204 Brendgose
1049 2152 1260 2192 nominat.
1329 2152 1637 2207 Ornithopolae
1672 2155 1788 2196 Lon-

451 2227 652 2269 dincnses
687 2226 950 2267 Bernaclum
994 2233 1166 2276 vocant,
1214 2240 1313 2267 curn
1356 2228 1593 2269 dicendum
1638 2237 1787 2283 putem

455 2301 774 2343 Berndclacum
799 2301 868 2341 seu
898 2300 1232 2350 Brendclacum,
1255 2300 1372 2354 quod
1397 2302 1565 2355 antiqui
1591 2304 1789 2346 Britanni

454 2383 587 2430 atque
630 2377 735 2416 item
781 2376 915 2424 Scoti,
949 2375 1119 2415 anseres
1158 2376 1361 2425 marinos,
1396 2377 1607 2430 palustres
1649 2379 1688 2420 ἃ
1730 2379 1791 2420 la-

454 2449 614 2491 custres
655 2463 809 2490 omnes
853 2449 1012 2490 Clakes
1063 2449 1282 2499 dicebant,
1325 2464 1423 2490 cum
1470 2457 1618 2492 tamen
1661 2453 1792 2495 hodie

455 2521 658 2576 corrupte
710 2523 898 2563 dicimus
943 2523 1159 2564 Fenlakes
1203 2523 1241 2564 ἃ
1285 2524 1544 2577 Fenlagges,
1587 2540 1685 2567 cum
1729 2528 1792 2568 di-

455 2599 645 2639 cendum
669 2597 749 2637 fuit
775 2597 1027 2638 Fenclakes.
1082 2598 1265 2638 Varium
1290 2599 1394 2639 item
1414 2599 1617 2650 colorem,
1638 2603 1794 2653 Brend,

457 2676 526 2716 seu
560 2688 636 2728 per
669 2673 943 2714 metathefim
970 2674 1113 2713 Bernd
1139 2673 1272 2725 ijdem
1303 2674 1598 2726 appellabant.
1663 2678 1794 2719 Vnde

282 2759 320 2805 [f.
346 2760 383 2793 18
399 2757 438 2803 b]
458 2749 652 2791 bernded
678 2749 746 2788 seu
771 2748 965 2788 brended
991 2749 1032 2788 id
1061 2748 1224 2788 animal
1248 2748 1418 2797 dicitur,
1441 2751 1558 2801 quod
1586 2751 1625 2791 in
1651 2754 1795 2795 colore

461 2827 632 2867 murino
655 2825 927 2877 variegatum
952 2823 1011 2864 est
1034 2823 1145 2870 albo,
1169 2830 1214 2864 vt
1237 2823 1296 2864 est
1320 2824 1389 2864 hic
1412 2824 1543 2866 anser.
1608 2826 1707 2868 Non
1736 2831 1795 2872 est
