1913 3214
450 115 466 144 Ι
475 114 507 145 O
776 96 1003 158 Epistola
1039 96 1105 141 N
1102 95 1422 157 aucupatoria

444 230 609 293 populi
649 229 834 284 infiniti,
879 229 962 291 qui
1000 229 1242 275 numerari
1286 228 1333 275 &
1380 227 1626 289 supputari
1675 243 1773 273 non

444 307 598 370 potest
640 324 726 371 pre
764 306 1084 353 multitudine.
1163 306 1321 352 Dabis
1358 307 1476 368 ergo
1511 304 1648 351 seruo
1690 315 1774 350 tuo

444 405 527 434 cor
565 386 734 440 docile,
765 398 817 432 ut
853 384 1086 447 populum
1125 396 1259 432 tuum
1296 384 1507 430 iudicare
1541 382 1692 445 possit,
1728 382 1774 429 Sc

445 465 715 511 discernere
755 464 881 509 inter
919 463 1101 509 bonum
1143 462 1188 509 ἃ
1232 461 1442 508 malum:
1497 461 1606 522 quis
1645 460 1774 507 enim

446 542 601 605 potest
646 542 858 588 iudicare
898 541 1131 604 populum
1172 540 1322 595 istum,
1364 539 1598 602 populum
1638 549 1775 585 tuum

447 621 574 667 hunc
603 620 847 667 multum?
925 620 1037 666 Huc
1064 619 1160 681 usq5
1191 617 1441 671 Solomon,
1471 617 1552 679 qui
1590 617 1637 663 in
1675 615 1778 678 phi-

446 698 663 761 losophia
710 710 809 744 tam
870 698 1035 744 diuina
1093 699 1241 759 quam
1302 696 1514 741 humana
1563 695 1629 741 ita
1679 710 1774 740 non

448 776 610 823 multis
659 775 762 838 post
810 776 950 822 annis
999 775 1218 837 profecit,
1268 785 1320 820 ut
1368 773 1429 819 de
1478 772 1702 834 stirpibus
1749 773 1778 818 a

447 855 593 902 cedro
618 854 714 916 usq÷
739 854 799 900 ad
826 854 1062 915 hissopum
1089 851 1417 914 disputauerit,
1445 850 1491 897 ἃ
1517 850 1578 897 de
1598 849 1774 912 bestijS,

448 932 738 987 uolucribus,
769 932 1034 994 reptilibus,
1065 930 1111 977 ἃ
1138 930 1346 993 piscibus
1372 929 1649 976 disseruerit.

551 1041 730 1102 Quare,
783 1039 1135 1103 prudentissimi
1185 1039 1366 1101 quique
1423 1038 1680 1101 principes,
1733 1037 1780 1085 ἃ

299 1125 349 1171 [p.
374 1124 429 1171 12]
449 1119 695 1173 fortissimi,
743 1124 804 1165 no
849 1118 960 1164 satis
1001 1118 1262 1173 habebant,
1310 1117 1527 1164 subditos
1565 1116 1673 1163 suos
1709 1116 1779 1162 di-

448 1198 591 1260 uitijS,
624 1197 902 1250 honoribus,
931 1194 1116 1247 uestitu,
1144 1195 1333 1249 incessu,
1355 1194 1401 1241 ἆ
1429 1194 1601 1241 bellica
1625 1193 1781 1257 gloria

448 1274 699 1329 excellere,
746 1273 827 1319 nisi
877 1273 1040 1327 literis,
1085 1272 1276 1335 linguis,
1328 1271 1632 1334 philosophia
1679 1282 1780 1318 tam

448 1353 613 1399 diuina
649 1355 796 1415 quam
846 1351 1060 1397 humana
1109 1346 1305 1413 insuper
1344 1350 1549 1397 multum
1592 1350 1781 1412 supera-

450 1444 567 1486 rent,
597 1431 642 1478 &
672 1433 700 1477 a
744 1442 881 1494 tergo
922 1429 1230 1492 relinqueret.
1307 1429 1457 1490 Quod
1498 1440 1637 1491 pater
1671 1441 1780 1475 tuus

448 1510 665 1557 omnium
695 1526 878 1572 regum,
908 1508 990 1570 qui
1027 1508 1173 1554 hodie
1208 1508 1392 1561 uiuunt,
1424 1507 1777 1562 eruditissimus,

449 1587 560 1633 satis
597 1599 649 1633 ut
682 1603 848 1648 regem
880 1596 1067 1632 tantum
1110 1585 1263 1639 decet,
1295 1583 1583 1647 intelligens,
1621 1583 1667 1631 &
1705 1585 1781 1631 cui

453 1665 660 1726 Reipub.
689 1662 1073 1727 gubernaculum
1100 1663 1432 1717 committitur,
1453 1665 1600 1724 quam
1623 1662 1781 1709 neces-

448 1743 567 1788 saria
602 1741 755 1788 literae
788 1741 833 1788 ἃ
871 1740 1174 1803 philosophia
1200 1740 1298 1795 sint,
1330 1740 1597 1803 prudenter
1623 1741 1779 1787 secum

449 1819 772 1883 perpendens,
825 1818 1003 1866 liberos
1053 1819 1160 1866 suos
1216 1819 1405 1880 semper
1454 1818 1780 1865 eruditissimis

449 1898 717 1961 quibusque
744 1897 1127 1959 praeceptoribus
1163 1896 1409 1943 commisit.
1488 1897 1613 1943 Duci
1652 1897 1782 1944 enim

455 1975 810 2030 Richmundiae,
859 1976 953 2037 piae
1002 1975 1262 2029 memoriae,
1314 1975 1447 2021 fratri
1496 1987 1579 2022 tuo
1629 1975 1782 2022 Geor-

448 2055 583 2117 gium
614 2052 897 2100 Folberium
926 2057 1229 2115 praeceptore
1266 2052 1381 2099 olim
1419 2070 1594 2107 meum,
1624 2054 1781 2100 uirum

452 2132 698 2195 insigniter
736 2129 948 2185 doctum,
993 2142 1042 2177 et
1083 2131 1257 2176 mirum
1296 2129 1428 2177 recle
1478 2130 1783 2178 instituendae

452 2211 717 2257 iuuentutis
766 2209 1013 2263 artificem,
1068 2209 1113 2256 ἃ
1163 2210 1270 2256 tibi·
1302 2215 1394 2256 nfic
1436 2210 1593 2255 uirum
1636 2209 1783 2273 longe

303 2292 351 2338 [p.
376 2292 431 2338 13]
452 2289 774 2337 doctissimum
813 2287 903 2352 (uti
935 2288 1099 2350 audio)
1132 2288 1366 2350 praefecit.

553 2392 666 2453 Qua
702 2391 763 2438 de
806 2391 956 2445 causa,
1002 2390 1301 2437 illustrissime
1343 2390 1389 2437 ἃ
1428 2391 1613 2452 optime
1655 2391 1783 2452 prin-

451 2488 578 2533 ceps,
631 2469 1048 2532 sapietissimorum
1109 2469 1154 2516 ἃ
1203 2469 1562 2516 fortissimorum
1612 2487 1782 2533 regum

451 2547 678 2610 exempla
704 2547 906 2602 secutus,
935 2558 1028 2609 atq5
1052 2547 1363 2609 potentissimi
1400 2547 1445 2593 ἃ
1485 2547 1783 2593 eruditissimi

452 2626 603 2688 patris
643 2625 710 2671 tui
747 2624 942 2671 consilio
975 2624 1337 2687 obtemperans,
1381 2624 1462 2686 qui
1503 2637 1550 2671 te
1584 2625 1645 2671 ad
1686 2641 1783 2671 me-

452 2704 596 2751 liores
624 2702 932 2750 imbibendas
965 2701 1142 2757 literas,
1175 2719 1423 2765 nunquam
1460 2719 1556 2750 non
1596 2702 1780 2757 inuitat,

454 2783 620 2829 incitat
660 2782 705 2828 &
745 2782 977 2835 hortatur,
1006 2780 1123 2826 dum
1153 2793 1272 2827 aetas
1302 2793 1385 2827 tua
1423 2780 1582 2828 adhuc
1616 2792 1786 2828 tenera
