1913 3214
492 119 585 163 204
1017 106 1070 152 Α
1065 107 1290 168 ppendzx

488 251 567 277 nos
604 238 646 277 in
680 238 857 279 summis
898 239 1061 292 delitijs
1102 247 1235 294 atque
1277 241 1418 294 pretio
1459 232 1530 282 est.
1596 241 1817 282 Imitatrix

486 306 581 346 auis
607 307 676 348 est.
742 307 861 356 Ideo,
883 315 928 349 vt
962 309 1101 361 Scops
1134 309 1172 350 &
1206 308 1320 350 Otus
1343 309 1527 349 saltandi
1561 310 1818 359 imitatione,

487 375 547 415 ita
578 375 657 426 hec
690 374 822 416 noctu
855 377 910 416 ad
943 376 1090 417 lumen
1123 377 1319 417 candelae
1351 391 1430 430 pro
1458 379 1670 431 capientis
1698 378 1817 431 gestu

486 445 665 497 capitur.
729 445 846 485 Nam
885 445 911 485 fi
950 446 983 485 is
1021 447 1238 499 expandit
1267 446 1505 495 brachium,
1539 447 1743 487 extendit
1779 447 1817 488 &

487 513 559 553 illa
591 514 732 554 alam:
766 514 793 554 si
825 515 859 554 is
891 515 1057 563 tibiam,
1082 515 1119 556 &
1147 515 1220 556 illa
1252 516 1416 557 itidem.
1479 516 1677 556 Breuiter
1698 516 1816 569 quic-

485 582 590 634 quid
623 583 734 635 gerit
767 596 938 636 auceps,
973 583 1089 623 idem
1127 584 1231 624 facit
1267 584 1304 624 81
1337 584 1439 625 ales.
1504 584 1573 625 Ita
1614 585 1816 625 humanis

486 651 675 703 gestibus
718 651 887 691 intenta
930 652 1034 701 auis,
1069 652 1124 692 ab
1165 653 1320 706 aucipe
1356 653 1584 706 decipitur,
1621 653 1658 694 &
1695 654 1816 695 rhete

485 720 726 761 obuelatur.
792 720 902 761 Auis
926 735 1062 774 parua
1084 722 1154 771 est,
1174 723 1478 775 magnitudine
1503 723 1816 771 Sturni,tribus

484 795 657 829 tantum
700 790 850 842 digitis
887 791 1190 840 anterioribus,
1225 792 1447 845 posteriori
1490 793 1621 841 nullo,
1655 794 1816 833 vertice

485 858 620 910 nigro,
642 858 765 911 genis
795 858 1004 907 candidis,
1028 861 1260 900 coturnicis
1284 859 1370 900 fere
1393 861 1548 910 colore,
1567 861 1594 900 si
1617 861 1815 901 cinericei

309 936 345 982 [ᾗ
367 936 638 982 21b]parurn
682 927 931 976 admisceas
974 928 1246 980 potissimum
1294 929 1407 969 circa
1449 930 1619 970 collum.
1684 931 1817 970 Mori-

484 994 646 1035 nellum
676 1009 785 1035 voco
817 996 979 1048 duplici
1012 995 1067 1036 de
1099 996 1238 1045 causa,
1261 997 1298 1037 81
1331 996 1449 1050 quod
1482 999 1575 1038 auis
1607 997 1667 1038 est
1698 998 1816 1051 apud

484 1065 682 1104 Morinos
713 1064 1037 1117 frequetissima,
1071 1065 1108 1106 &
1143 1065 1260 1119 quod
1298 1067 1391 1106 auis
1428 1066 1583 1107 stolida
1614 1067 1684 1116 est,
1718 1081 1816 1120 quae

483 1133 664 1174 stultitia
696 1135 835 1186 grecis
865 1133 1062 1189 μωρότης
1096 1135 1263 1175 dicitur.
1328 1136 1440 1176 Eam
1470 1137 1527 1176 ob
1562 1150 1652 1176 rem
1687 1137 1816 1177 nostri

483 1203 615 1243 etiam
670 1203 896 1243 Doterellu
948 1210 1118 1252 vocant,
1161 1204 1277 1257 quasi
1330 1204 1512 1245 stultitia
1555 1206 1814 1246 delirantem

483 1272 643 1312 dicant.

843 1347 909 1387 De
941 1347 1140 1400 Puplcz'no
1158 1347 1254 1400 stne
1283 1347 1464 1401 Pnpz'no.

571 1432 646 1472 Est
698 1432 791 1472 auis
843 1432 1032 1485 quedam
1077 1433 1245 1473 marina
1286 1433 1463 1483 nostras,
1505 1435 1627 1487 parui
1670 1436 1813 1476 anatis

481 1500 633 1554 (quam
667 1498 875 1551 βόσκαδα
902 1500 1028 1550 Greci
1058 1502 1238 1553 vocant)
1271 1503 1574 1554 magnitudine
1607 1503 1645 1544 &
1678 1503 1816 1557 figura

482 1570 687 1624 corporis,
711 1569 895 1623 pedibus
929 1570 1134 1622 palmatis
1168 1571 1205 1611 &
1239 1571 1575 1622 rubescentibus,
1597 1573 1652 1613 ad
1676 1574 1814 1627 poste-

481 1640 593 1680 riora
616 1641 755 1693 magis
779 1641 924 1693 positis
947 1639 1079 1693 quam
1103 1641 1257 1690 ceteris
1275 1641 1599 1694 palmipedibus
1617 1644 1816 1696 exceptis

482 1710 808 1763 pygoscelibus:
840 1710 973 1750 rostro
1006 1710 1203 1750 tenuiore
1235 1711 1375 1763 magis
1408 1712 1639 1752 latitudine
1666 1713 1706 1753 se
1740 1713 1814 1754 de-

482 1779 697 1827 mittente,
719 1778 852 1832 quam
883 1779 1080 1832 longiore
1111 1779 1303 1832 processu
1332 1779 1371 1820 se
1404 1781 1686 1830 extendente,
1707 1797 1813 1836 qua-

482 1855 580 1887 tuor
617 1848 808 1887 incisuris
841 1849 980 1888 rubris
1013 1847 1037 1888 a
1071 1848 1248 1898 summa,
1281 1849 1452 1889 duabus
1485 1851 1540 1890 ab
1572 1852 1660 1890 ima
1690 1858 1814 1904 parte

482 1916 656 1966 sulcato,
679 1917 721 1956 in
755 1917 899 1957 colore
930 1917 1134 1970 pallentis
1166 1918 1322 1959 ochrae.
1385 1918 1516 1972 Quod
1541 1919 1652 1960 inter
1673 1920 1752 1960 has
1775 1920 1813 1960 81

481 1994 613 2038 caput
639 1986 709 2035 est,
733 1986 1050 2027 subcoeruleum
1078 1987 1148 2034 est,
1172 1988 1209 2028 &
1240 2002 1291 2027 63
1321 1987 1458 2040 figura
1490 2003 1576 2041 qua
1609 1989 1711 2029 luna
1743 1990 1814 2039 est,

481 2069 579 2094 curn
604 2053 750 2095 exaGti
773 2055 866 2094 dies
896 2056 1048 2095 decem
1073 2055 1168 2095 sunt
1191 2054 1216 2095 a
1238 2057 1367 2096 coitu.
1431 2056 1510 2096 Per
1532 2056 1700 2098 summa
1721 2072 1812 2098 cor-

481 2124 597 2176 poris
630 2125 764 2164 totius
796 2123 1007 2176 nigrescit,
1031 2124 1104 2163 nisi
1141 2138 1228 2176 qua
1255 2125 1367 2164 oculi
1401 2125 1508 2174 sunt,
1530 2126 1603 2178 qui
1636 2126 1678 2166 in
1712 2127 1813 2167 albo

481 2192 699 2233 constituti
744 2193 861 2233 sunt:
905 2207 980 2245 per
1012 2193 1099 2233 ima
1131 2194 1368 2234 exalbescit
1400 2200 1505 2243 tota,
1539 2195 1610 2234 nifi
1645 2195 1813 2237 summo

480 2260 668 2314 pectore,
702 2275 788 2314 qua
823 2262 1015 2314 nigricat.
1078 2262 1200 2302 Viuit
1231 2276 1289 2302 ex
1324 2263 1442 2302 mari.
1507 2263 1640 2303 Hunc
1682 2264 1811 2304 nostri

482 2330 730 2382 Puphinum
755 2331 917 2379 dicunt,
936 2344 1014 2370 nos
1034 2331 1253 2383 Pupinum
1277 2330 1301 2370 3
1324 2331 1511 2371 naturali
1534 2346 1641 2372 voce
1663 2333 1810 2386 pupin.

482 2399 651 2438 Latitat
702 2400 743 2438 in
796 2399 1004 2446 cauernis,
1047 2406 1093 2439 vt
1136 2399 1397 2439 charadrius
1462 2401 1571 2440 Eam
1615 2401 1672 2440 ob
1721 2416 1810 2442 rem

480 2466 639 2508 educ'ta
670 2466 693 2507 e
726 2467 911 2507 cuniculi
944 2481 1078 2507 cauea
1111 2469 1203 2507 auis
1233 2468 1312 2518 hec
1341 2468 1412 2516 est,
1435 2469 1530 2508 loco
1553 2483 1638 2509 non
1663 2471 1811 2522 procul

481 2537 505 2577 a
547 2537 655 2576 mari
698 2536 847 2589 posito,
885 2536 909 2576 3
946 2544 1153 2577 venatore
1185 2539 1379 2590 quodam
1412 2538 1597 2578 immissa
1633 2539 1810 2580 viuerra.

482 2606 534 2646 In
576 2605 701 2659 piscis
742 2605 815 2646 vsu
858 2606 975 2659 apud
1018 2620 1097 2646 nos
1139 2607 1198 2647 est
1245 2608 1287 2647 in
1331 2607 1492 2647 solenni
1530 2608 1691 2648 ieiunio
1735 2623 1813 2662 per

345 2685 381 2731 [fi
403 2685 462 2731 22]
482 2674 875 2727 quadragesimam:
908 2689 1036 2716 carne
1066 2676 1103 2716 &
1135 2676 1271 2729 gustu,
1297 2676 1454 2716 Phocae
1484 2678 1664 2717 marinae
1693 2677 1808 2718 haud

482 2744 709 2785 dissimilis
773 2744 959 2797 Gregale
990 2745 1152 2785 animal
1185 2745 1256 2794 est,
1280 2746 1317 2786 &
1341 2745 1413 2786 sua
1445 2746 1576 2786 habet
1609 2747 1809 2787 latitandi

484 2823 693 2866 tempora,
716 2821 762 2854 vt
785 2814 975 2855 Cuculus
1000 2814 1036 2854 &
1063 2813 1292 2867 Hyrundo.
1357 2814 1455 2854 Oua
1485 2816 1596 2867 parit
1621 2816 1660 2854 in
1686 2822 1809 2856 terrae
