1913 3214
963 552 1371 600 APPENDIX.

506 696 802 734 EXCERPTA
866 698 938 734 EX
1001 697 1185 735 OPERE
1247 699 1479 737 IOANNIS
1543 700 1659 738 CAII
1723 702 1833 738 BRI-

610 767 788 804 TANNI
822 768 895 805 DE
928 769 1237 808 RARIORUM
1269 770 1607 809 ANIMALIUM
1639 771 1830 818 ATQUE

611 838 888 876 STIRPIUM
930 839 1216 885 HISTORIA,
1249 840 1311 877 fol.
1350 852 1513 890 17—23.

1006 959 1074 999 De
1103 959 1317 1001 Halz'aeto.

221 1047 278 1079 De
294 1046 451 1080 Artibus.
645 1041 982 1091 ALIAETOS,
1005 1043 1047 1083 id
1070 1057 1208 1096 genus
1231 1045 1389 1097 aquilae
1412 1044 1482 1091 est,
1504 1045 1621 1097 quod
1645 1059 1701 1085 ex
1725 1046 1831 1085 mari

673 1116 889 1171 lacubusq³
920 1118 1100 1169 predam
1133 1119 1286 1170 querit,
1315 1118 1430 1159 vnde
1462 1132 1621 1159 nomen
1656 1120 1832 1160 inuenit.

506 1192 549 1231 Is
573 1192 875 1244 magnitudine
899 1193 1024 1232 Milui
1047 1193 1117 1241 est,
1133 1193 1276 1246 capite
1299 1194 1409 1234 albis
1428 1194 1465 1234 ἃ
1485 1194 1609 1234 fuscis
1627 1193 1832 1235 distincto

329 1266 638 1317 [f.17b]linei5,
672 1273 717 1307 vt
760 1267 946 1308 melino:
991 1267 1123 1308 rostro
1165 1269 1385 1322 aquilino:
1430 1268 1565 1309 oculis
1602 1269 1644 1309 in
1687 1269 1833 1310 medio

504 1341 649 1393 nigriS,
691 1341 732 1381 in
776 1342 944 1382 ambitu
987 1343 1151 1384 aureis:
1198 1343 1346 1396 lingua
1388 1342 1475 1384 fere
1517 1344 1721 1392 humana,
1759 1344 1831 1384 nis1

503 1413 619 1467 quod
663 1415 718 1454 ad
752 1414 943 1454 radicem
981 1416 1133 1470 vtrinffi
1165 1416 1297 1456 habet
1329 1417 1646 1469 appendicem:
1689 1417 1833 1458 colore

504 1503 580 1542 per
622 1489 787 1530 summa
828 1490 990 1539 asturis,
1023 1504 1099 1542 per
1140 1491 1228 1530 ima
1270 1491 1392 1531 albo:
1434 1497 1611 1544 gutture
1653 1492 1833 1532 maculis

505 1570 656 1604 notato
680 1563 796 1604 ruffis
819 1570 865 1605 vt
888 1565 925 1605 81
947 1571 1108 1613 ventre,
1131 1563 1309 1618 peetore
1331 1565 1477 1605 medio
1500 1579 1606 1618 pure
1627 1566 1832 1607 candido:

504 1652 625 1678 crure
654 1638 787 1678 crasso
819 1639 857 1679 &
890 1639 1139 1691 squamoso:
1174 1639 1285 1691 pede
1317 1640 1535 1692 vncungui
1569 1640 1606 1680 &
1639 1640 1834 1690 ceruleo:

504 1713 651 1765 digitis
693 1720 890 1766 quatuor,
925 1728 1001 1766 per
1033 1714 1214 1767 superna
1247 1715 1300 1754 ad
1335 1714 1563 1755 dimidiam
1598 1714 1833 1767 longitudi-

505 1801 603 1827 nem
636 1788 768 1828 ctiam
793 1788 1036 1841 squamofis,
1059 1789 1113 1828 ad
1142 1788 1353 1841 reliquam
1387 1788 1535 1836 incifis,
1559 1802 1636 1840 per
1667 1788 1833 1828 inferna

504 1858 662 1911 asperis
686 1858 723 1899 ἃ
746 1859 956 1899 aculeatis
978 1860 1228 1900 tenacitatis
1250 1859 1392 1900 causa:
1416 1859 1453 1899 ἃ
1476 1859 1541 1899 his
1559 1866 1649 1900 tam
1667 1860 1834 1908 validis,

504 1939 549 1973 vt
572 1932 711 1973 flexos
734 1934 809 1973 vix
832 1933 919 1974 vlla
940 1934 980 1974 vi
1005 1934 1232 1975 extendas,
1287 1934 1497 1984 Predator
1515 1935 1548 1973 is
1567 1934 1626 1974 est
1641 1934 1834 1987 piscium,

505 2007 699 2046 discussis
732 2007 974 2048 decidentis
1006 2009 1199 2060 corporis
1232 2009 1398 2060 impetu
1431 2008 1567 2060 aquis,
1594 2022 1651 2048 ex
1685 2007 1833 2061 eisque

504 2081 622 2121 viuit.
686 2081 744 2121 Et
776 2082 978 2134 quamuis
1011 2095 1067 2121 ex
1101 2082 1213 2134 pisce
1244 2082 1376 2129 viuat,
1405 2081 1559 2134 fidipes
1591 2087 1739 2122 tamen
1773 2082 1832 2122 est

504 2160 687 2206 vtroque
724 2155 846 2207 pede,
878 2168 963 2194 non
999 2155 1134 2195 altero
1167 2155 1394 2208 palmipes,
1429 2161 1474 2195 vt
1506 2155 1662 2208 vulgus
1694 2162 1833 2208 putat.

506 2227 710 2268 Giraldus
734 2227 1007 2268 Cambrenfis
1030 2228 1139 2268 libro
1169 2229 1222 2268 de
1247 2229 1559 2281 Topographia
1595 2229 1832 2279 Hiberniae,

505 2302 577 2342 vbi
609 2303 663 2342 de
696 2302 850 2342 auibus
877 2302 1136 2343 biformibus
1165 2303 1269 2355 agit,
1292 2302 1406 2343 hunc
1437 2302 1661 2343 Aurifrisl'u
1683 2310 1831 2344 vocat:

506 2376 543 2416 ἃ
575 2376 712 2417 altero
744 2377 856 2429 pede
888 2384 1040 2430 aperto
1073 2377 1111 2418 &
1140 2377 1357 2429 vnguibus
1387 2383 1556 2417 armato
1580 2378 1672 2426 esse,
1695 2378 1831 2419 altero

505 2450 648 2490 clauso
679 2464 774 2490 cum
810 2450 941 2504 vulgo
974 2451 1127 2492 scribit.
1191 2451 1333 2504 Supra
1367 2452 1716 2504 magnitudinem
1740 2466 1831 2492 cor-

505 2525 622 2577 poris
644 2524 724 2564 alae
748 2524 977 2577 longitudo
999 2524 1069 2574 est,
1091 2538 1189 2577 quae
1212 2525 1267 2564 ad
1298 2525 1431 2577 pedes
1466 2525 1692 2564 Romanos
1720 2525 1831 2565 duos

506 2598 544 2638 &
581 2598 741 2650 digitos
774 2598 974 2637 vndecim
1008 2599 1273 2638 extenditur.
1339 2597 1528 2637 Inoleuit
1560 2598 1709 2650 opinio
1741 2599 1830 2639 istic

506 2673 620 2725 apud
656 2672 845 2712 nostrum
887 2673 1043 2725 vulgus
1085 2673 1126 2712 in
1171 2673 1407 2719 Britannia,
1443 2685 1539 2712 eam
1578 2672 1705 2712 inesse
1742 2674 1828 2713 vim

507 2745 748 2785 naturalem
781 2745 880 2785 huic
906 2746 988 2793 aui,
1011 2752 1056 2785 vt
1077 2759 1207 2798 quem
1238 2745 1512 2797 conspexerit
1535 2744 1706 2797 piscem,
1730 2759 1827 2786 eum

507 2820 545 2859 se
567 2819 697 2872 quam
723 2833 829 2859 mox
854 2820 1098 2873 resupinare
1128 2820 1165 2860 81
1194 2826 1459 2867 conuertere,
1483 2825 1615 2872 atque
1641 2821 1695 2860 ad
1720 2820 1827 2860 sum-
