1923 3116
728 107 1069 155 lnlroclnclz'on
1599 105 1682 152 xiii

133 245 349 285 Montana
384 242 487 284 vero
520 243 593 283 illa
627 242 665 283 ἃ
698 242 926 295 syluestris
964 257 1090 283 crura
1124 243 1259 284 habet
1302 242 1443 284 multo
1479 243 1682 284 breuiora

131 302 326 356 aquatili,
361 302 397 343 &
433 302 606 356 plumas
640 301 784 357 undiq,
817 303 958 354 magis
992 302 1199 351 cinereas,
1232 302 1309 342 sed
1341 302 1472 342 rubra
1505 302 1679 342 interim

129 375 254 401 crura
282 360 415 401 habet
449 360 487 401 &
521 367 722 400 rostrum.
785 360 879 399 auis
903 367 1037 415 utraq,
1059 359 1177 413 apud
1203 374 1281 400 nos
1306 360 1474 413 regium
1498 359 1679 413 epulum

129 419 236 470 (real
275 419 374 459 Itali
406 419 574 471 regium
608 425 781 465 vocant,
813 417 928 458 Galli
966 418 1102 471 royal,
1141 418 1178 459 &
1214 418 1325 459 forte
1360 418 1462 458 hinc
1497 419 1681 459 ductum

129 483 195 517 est
226 477 328 517 ralae
364 476 592 518 vocabul'u.
656 475 680 516 a
712 476 858 517 colore
889 490 1062 516 crurum
1099 476 1209 517 forte
1245 476 1510 530 erythropus
1534 476 1683 528 fuerit)

128 542 320 576 vocatur.
387 536 497 576 Haec
522 534 605 576 ille.

662 632 731 673 De
764 631 907 674 Cz'nclo
938 632 997 686 (p.
1034 634 1146 684 592).

215 725 439 766 Turnerus
473 725 664 766 cinclum
707 738 836 765 auem
882 723 1073 778 Anglice
1118 725 1434 778 interpretatur
1478 740 1504 766 a
1545 732 1681 766 water

127 783 329 833 swallow,
358 784 503 838 (quasi
538 784 660 825 dicas
693 783 976 823 hirundinem
1005 783 1290 836 aquaticam,)
1318 782 1582 825 Germanice
1611 784 1680 825 ein

129 841 419 892 Steinbeisser,
453 843 549 894 (sed
590 842 725 882 nostri
762 842 894 882 aliam
934 844 1029 890 aue,
1062 841 1428 883 coccothrausten
1468 849 1680 891 nostrum,

128 900 410 941 Stez'ubeisser
435 900 695 955 appellant.)
757 899 951 941 Auicula
981 900 1163 953 (inquit)
1192 914 1327 953 quam
1366 914 1449 954 ego
1487 901 1678 941 cinclum

127 972 222 999 esse
265 966 386 1012 puto,
418 960 603 1012 galerita
646 958 779 1012 paulo
823 959 963 999 maior
1006 965 1083 1007 est,
1117 958 1263 998 colore
1301 959 1344 998 in
1381 966 1506 1013 tergo
1542 960 1680 1012 nigro,

129 1024 280 1057 uentre
318 1018 432 1066 albo,
467 1018 584 1058 tibiis
624 1017 779 1070 longis,
815 1017 853 1057 &
889 1024 1031 1057 rostro
1070 1017 1328 1070 neutiquam
1364 1017 1497 1059 breui.
1562 1018 1679 1058 Vere

126 1075 239 1115 circa
274 1076 387 1130 ripas
411 1075 644 1116 fluminum
674 1075 804 1116 ualde
834 1075 1031 1115 clamosa
1066 1082 1132 1115 est
1166 1075 1204 1116 &
1232 1076 1428 1129 querula,
1452 1076 1606 1117 breues
1641 1077 1679 1117 &

126 1133 300 1174 crebros
331 1134 434 1174 facit
465 1134 652 1175 uolatus.
721 1134 751 1179 ll
788 1133 906 1174 Huic
940 1134 1127 1174 Turneri
1166 1133 1453 1188 descriptioni
1489 1142 1679 1188 cognata

127 1193 263 1232 uideri
297 1199 445 1246 potest
478 1192 645 1233 merula
673 1192 880 1245 aquatica
907 1199 1081 1233 nostra:
1128 1193 1269 1245 magis
1300 1192 1404 1233 uero
1435 1193 1520 1241 illa,
1543 1208 1677 1247 quam

125 1250 239 1290 circa
263 1251 614 1304 Argentoratum
640 1250 914 1302 Lyssklicker
934 1250 1184 1303 appellant:
1217 1265 1350 1304 quam
1377 1265 1464 1292 non
1488 1252 1677 1292 similem

126 1310 260 1349 modo
284 1309 469 1350 Turneri
500 1309 653 1359 cinclo,
677 1310 751 1349 sed
783 1323 960 1362 prorsus
991 1308 1180 1349 eandem
1209 1323 1304 1349 esse
1333 1310 1532 1363 conijcio,
1555 1311 1679 1351 cuius

125 1366 309 1420 figuram
333 1381 522 1421 sequens
547 1368 712 1421 pagina
735 1367 913 1407 cotinet.

193 1492 261 1533 De
293 1493 521 1534 llffotacilla
553 1508 683 1547 qnam
718 1494 857 1535 nostri
886 1494 1031 1535 albam
1063 1495 1369 1547 cognominant
1399 1497 1457 1548 (p.
1495 1504 1547 1547 59
1553 1495 1607 1547 3).

212 1586 437 1626 Turnerus
475 1587 516 1627 in
552 1587 662 1627 libro
697 1588 753 1627 de
787 1587 963 1627 Auibus
1000 1586 1282 1640 Cnipologon
1320 1586 1576 1628 Aristotelis
1614 1589 1676 1639 (id

123 1650 190 1684 est
225 1644 450 1698 culicilegfi
482 1646 721 1699 interprete
756 1645 897 1695 Gaza)
935 1645 1013 1686 hac
1049 1659 1177 1686 auem
1213 1660 1310 1686 esse
1348 1646 1678 1700 putat....[quo-

124 1702 449 1755 tation]....Sed
474 1711 628 1757 postea
652 1704 694 1744 in
714 1703 903 1757 epistola
927 1704 982 1744 ad
1003 1717 1085 1752 me,
1102 1704 1394 1758 Culicilegam
1420 1704 1676 1746 Aristotelis

124 1761 306 1814 (inquit)
329 1761 371 1801 in
406 1768 520 1802 terra
554 1762 763 1815 Bergensi
798 1762 902 1810 uidi,
925 1768 1021 1802 tota
1050 1762 1210 1802 cinerei
1236 1761 1323 1803 fere
1350 1763 1508 1804 coloris
1537 1770 1615 1812 est,
1639 1763 1677 1804 δε

124 1820 316 1872 speciem
350 1820 484 1861 habet
522 1821 606 1874 pici
645 1820 809 1873 Martij,
845 1820 918 1860 illa
956 1820 1060 1861 uero
1095 1835 1229 1874 quam
1268 1821 1544 1875 culicilegam
1583 1836 1678 1863 6556

124 1877 299 1930 ρυῖᾶὒὲ,
323 1885 389 1919 est
412 1879 580 1920 uariola
603 1880 685 1919 nisi
711 1879 848 1920 fallor.

507 2005 575 2045 De
607 2005 881 2058 Nyctz'corace
910 2006 1002 2059 (pp.
1035 2006 1300 2058 602—604).

212 2095 494 2139 TURNERUS
518 2097 560 2137 in
592 2097 748 2138 litteris
775 2098 830 2138 ad
865 2111 935 2137 me
960 2097 1105 2137 missis
1128 2097 1455 2151 caprimulgum
1479 2112 1608 2138 auem
1632 2113 1678 2139 56

125 2153 287 2195 uidisse
318 2155 469 2196 scribit
499 2170 636 2209 prope
666 2156 870 2196 Bonnam
894 2155 1168 2209 (Germaniae
1199 2156 1426 2196 ciuitatem
1455 2157 1511 2197 ad
1535 2158 1675 2210 ripam

126 2211 282 2262 Rheni,
300 2227 433 2266 supra
457 2214 723 2268 Coloniam,)
739 2214 812 2254 ubi
835 2213 861 2255 a
884 2214 1018 2267 uulgo
1041 2214 1293 2268 appellatur
1311 2214 1615 2268 Nangnen,
1633 2215 1676 2256 id

124 2277 190 2310 est
232 2285 389 2312 coruus
432 2280 683 2314 nocturnus.
749 2273 843 2313 Nos
879 2273 922 2312 in
966 2272 1247 2326 praecedente
1282 2275 1447 2326 pagina
1484 2272 1676 2327 effigiem

123 2329 363 2370 adiecimus
396 2332 490 2371 auis
523 2345 622 2385 quae
655 2331 769 2372 circa
791 2331 1157 2385 Argentoratum,
1183 2338 1229 2372 ut
1262 2332 1395 2372 audio
1418 2331 1676 2382 Naclctmzm,

124 2386 227 2427 alibi
250 2388 476 2430 Naclctmb
498 2390 763 2431 nominatur.
826 2403 925 2443 quae
958 2396 1108 2430 tamen
1142 2404 1234 2446 neq,
1265 2390 1564 2444 caprimulgus
1588 2405 1678 2446 neq,

124 2446 383 2498 nycticorax
418 2448 524 2488 mihi
558 2448 742 2489 uidetur.
805 2447 923 2502 [The
946 2447 1083 2501 figure
1107 2449 1142 2488 is
1165 2448 1214 2488 of
1242 2448 1317 2489 the
1342 2449 1676 2502 Night-Heron‚

125 2503 489 2560 unmistakably.]

507 2619 575 2661 De
609 2619 866 2661 Onocratalo
898 2620 991 2673 (pp.
1023 2619 1286 2673 607—608).

213 2709 508 2752 Onocrotalus
558 2712 904 2762 Machliniensi5‚
946 2726 1046 2766 quae
1097 2713 1330 2766 Vogellcain
1371 2711 1397 2753 a
1440 2712 1677 2754 Brabantis

127 2775 318 2818 uocatur,
350 2770 675 2824 quinquaginta
709 2772 848 2820 annis,
878 2778 926 2812 ut
958 2771 1041 2824 ipsi
1075 2770 1231 2821 ferunt,
1263 2771 1517 2812 Macliliniae
1552 2772 1678 2821 uixit,

125 2839 270 2880 cygno
295 2830 433 2868 maior
455 2835 532 2870 est.
595 2843 741 2883 penne
772 2829 875 2870 foris
908 2829 1114 2879 albicant,
1138 2830 1180 2870 in
1205 2830 1343 2871 fundo
1366 2829 1469 2871 uero
1497 2829 1676 2870 rubrum
