1913 3214
395 127 410 156 1
425 127 447 157 2
722 110 951 172 Epistola
987 110 1052 156 N
1050 109 1370 171 aucupatoria

387 245 466 300 est,
515 245 560 292 ἃ
598 245 794 292 literam]
837 245 1152 308 capacisfima,
1193 262 1339 292 omne
1378 261 1535 308 genus
1575 244 1724 290 bona-

389 341 494 369 rum
535 323 783 370 literarum
822 324 981 386 obuijs
1012 322 1138 369 ulnis
1174 322 1481 385 amplectere,
1511 321 1649 375 disce,
1678 320 1724 367 ἃ

390 402 584 457 imbibe,
616 402 662 449 &r
688 402 922 449 exantlati
951 404 997 448 in
1025 402 1179 449 bonas
1206 401 1369 448 literas
1395 400 1576 447 laboris
1609 399 1723 447 olim

389 492 436 526 te
480 480 679 527 minime
728 481 999 543 poenitebit.
1076 480 1176 527 Sed
1225 491 1278 526 ut
1320 480 1381 526 ad
1430 478 1723 541 propofitam

390 570 570 605 metam
620 559 794 606 minori
843 577 953 606 cum
1003 559 1211 622 negocio
1259 558 1402 620 posfis
1449 557 1720 620 peruenire,

389 635 603 683 libellum
669 637 748 683 De
808 637 1002 684 historia
1062 637 1239 692 auium,
1292 637 1338 682 in
1386 652 1484 697 quo
1536 634 1725 681 Latinis

392 714 670 760 nominibus
716 714 905 771 Graeca,
952 714 1248 761 Germanica
1293 712 1339 759 ἃ
1384 712 1630 758 Britanica
1677 712 1723 758 in

242 804 291 851 [p.
317 803 372 850 14]
390 792 597 855 gratiam
630 804 762 839 tuam
800 792 1012 854 apposui,
1054 809 1115 838 ex
1157 789 1421 837 Aristotele
1458 790 1505 837 ἃ
1552 790 1721 844 Plinio,

391 869 437 916 ἃ
464 871 662 932 optimis
687 870 910 933 quibusq3
935 870 1246 932 scriptoribus
1272 869 1516 916 contexui.
1576 869 1725 915 Hunc

390 965 485 1010 ego
512 949 723 994 nominis
750 948 816 994 tui
845 948 1115 994 celebritati
1142 948 1330 1002 dedico,
1359 947 1405 994 ἃ
1431 947 1591 993 dono:
1630 946 1728 993 etia

391 1037 485 1088 atq5
517 1026 614 1072 etia
645 1038 692 1072 te
727 1025 985 1079 obtestans,
1016 1037 1068 1072 ut
1108 1025 1199 1071 hoc
1238 1042 1400 1071 meum
1441 1023 1728 1087 qualecunq³

392 1102 724 1149 munusculum
752 1103 878 1165 aequi
913 1103 1090 1165 boni'q5
1115 1102 1347 1150 consulas.
1423 1102 1573 1162 Quod
1611 1101 1640 1147 fi
1680 1114 1728 1148 te

393 1180 630 1227 facsturum
672 1181 970 1236 intellexero,
1001 1181 1047 1228 ἃ
1082 1181 1210 1228 hunc
1245 1181 1459 1228 libellum
1488 1181 1655 1244 figuris
1682 1180 1728 1227 ἃ

392 1259 554 1304 auium
616 1260 845 1314 moribus,
905 1259 950 1306 ὃς
1011 1260 1264 1306 medicinis
1313 1258 1521 1313 mustum,
1573 1259 1618 1306 ἃ
1667 1259 1728 1306 de

393 1337 557 1383 herbis
591 1338 738 1384 alium
771 1338 919 1384 etiam
958 1337 1147 1392 librum,
1175 1337 1325 1391 breui,
1362 1337 1558 1384 uolente
1601 1337 1724 1392 Deo,

447 1415 494 1461 in
533 1415 689 1462 lucem
727 1416 962 1462 emittam.
1040 1414 1176 1462 Vale.
1257 1415 1502 1462 Dominus
1545 1415 1678 1462 Iesus

650 1504 698 1540 te
737 1493 878 1539 nobis
916 1491 1216 1539 &notissimis
1255 1493 1471 1540 moribus

689 1571 970 1625 institutum,
1007 1571 1052 1618 ἃ
1090 1571 1287 1634 optimis
1325 1571 1428 1619 lite-

720 1650 783 1696 ris
822 1650 1075 1705 imbutum‚
1117 1652 1265 1712 quam
1303 1650 1406 1696 diu-

808 1729 979 1776 tissime
1019 1729 1313 1776 inculumem

929 1807 1193 1855 conseruet.

688 1942 910 1990 Coloniae
950 1958 990 2003 5.
1036 1943 1153 1990 Idus
1195 1943 1462 2007 Februarij,

771 2022 923 2069 Anno
965 2022 1358 2069 M.D.XLIIII.
