1913 3214
236 289 271 323 A
278 287 362 333 nser

240 335 431 380 Bcffmus.

529 145 615 201 196
1049 135 1321 198 Appendix

523 286 627 326 ergo
652 272 882 313 Scotorum
909 269 1117 310 Bassanus
1140 268 1272 317 anser,
1293 268 1367 320 qui
1390 267 1432 306 in
1464 265 1587 306 Basse
1617 264 1848 306 Scotorum

526 340 670 381 Insula
693 340 845 380 nidum
869 339 994 391 ponit
1017 344 1098 392 atq,
1119 350 1214 385 oua,
1238 334 1262 376 a
1284 349 1371 388 qua
1400 349 1561 375 nomen
1594 333 1737 374 habet.
1800 333 1850 373 In

524 411 636 450 hanc
659 408 795 449 insula
818 421 969 460 rupem
993 406 1266 451 existentem,
1283 418 1362 444 nec
1385 404 1427 444 in
1452 404 1618 444 summo
1640 408 1850 456 quantam

527 478 690 518 Miluus
719 477 891 517 oberret
913 475 980 527 (vt
1015 475 1150 514 Poe'ta
1182 472 1315 523 dixit)
1339 471 1409 512 sed
1443 473 1663 525 exiguam,
1684 471 1853 511 venturi

526 547 635 587 stato
667 546 769 586 anni
801 552 1001 597 tempore
1032 542 1212 590 ansereS,
1241 555 1329 594 quo
1364 541 1480 594 prius
1513 540 1743 594 speculatu,
1769 553 1856 592 qua

526 615 828 656 obseruatione
851 612 1068 666 premissis
1098 610 1263 663 nuntijs
1294 617 1473 651 vtantur
1504 609 1635 664 quam
1669 609 1856 662 ingredi-

527 692 681 726 untur:
714 698 801 737 quo
834 684 935 723 anni
968 688 1167 734 tempore
1199 681 1281 720 hoc
1314 680 1488 729 faciant,
1511 693 1598 732 qua
1627 679 1855 719 solitudine

528 754 687 803 insulae,
728 751 1091 793 concludentibus
1144 750 1183 790 se
1236 749 1389 789 incolis
1435 749 1490 788 ad
1542 748 1709 802 aliquot
1750 747 1855 795 dies,

529 824 668 863 donec
720 822 760 862 se
812 820 1081 860 firmauerint
1132 818 1313 866 anseres
1355 831 1408 857 ne
1459 817 1650 871 abigant,
1692 822 1856 869 quanta

530 892 812 933 multitudine
835 896 916 944 atq,
937 889 1149 930 densltate
1182 887 1390 935 inuolent‚
1412 886 1465 926 fic
1487 893 1534 926 vt
1566 886 1607 925 in
1631 885 1858 926 serenitate

530 961 661 1001 solem
704 960 915 1007 adimant,
949 964 1056 1011 quot
1088 956 1223 1011 pisces
1257 956 1453 1005 afferant,
1484 961 1592 1008 quot
1630 969 1714 995 oua
1748 954 1859 1007 pari-

530 1037 619 1079 ant,
657 1030 694 1070 &
736 1035 925 1082 quantos
968 1026 1131 1068 fruetus
1166 1028 1208 1067 in
1250 1040 1388 1066 annos
1430 1040 1486 1066 ex
1529 1026 1589 1065 eis
1627 1024 1861 1079 anserumq⁷

531 1099 691 1153 plumis
733 1105 813 1153 atq,
854 1098 951 1137 oleo
994 1096 1237 1149 percipiant
1280 1094 1461 1134 insulani
1502 1094 1623 1140 (nam
1671 1093 1861 1146 Pupino-

531 1181 624 1207 rum
669 1166 982 1220 pinguedinem
1020 1164 1184 1204 habent
1225 1169 1307 1218 atq,
1346 1162 1489 1215 gustfi)
1531 1162 1710 1214 longum
1758 1161 1860 1202 esset

532 1236 759 1277 recensere.

984 1299 1050 1339 De
1080 1298 1119 1338 A
1128 1304 1225 1338 nate
1254 1296 1417 1338 Indica.

621 1387 695 1427 Est
718 1387 834 1440 apud
858 1399 937 1426 nos
967 1399 1024 1425 ex
1051 1385 1177 1425 India
1200 1397 1317 1432 anaS‚
1340 1384 1494 1424 eadem
1519 1380 1648 1436 plane
1670 1382 1862 1435 corporis

534 1457 683 1510 figura,
716 1455 872 1496 eodem
916 1454 1049 1494 rostro
1092 1454 1129 1494 ἃ
1171 1453 1283 1507 pede
1323 1467 1411 1505 quo
1451 1451 1655 1505 vulgariS,
1692 1451 1762 1492 sed
1803 1465 1861 1491 ex

533 1526 716 1567 dimidio
751 1525 889 1565 maior
921 1538 971 1564 ea
1010 1523 1047 1564 ἃ
1079 1523 1265 1575 grauior.
1329 1523 1473 1575 Caput
1511 1522 1570 1561 illi
1603 1521 1785 1561 rubescit
1817 1527 1863 1561 vt

535 1595 717 1647 sanguis
741 1593 779 1633 ἃ
802 1593 917 1633 bona
941 1607 1040 1646 pars
1063 1589 1282 1632 coniuncti
1305 1590 1404 1631 colli
1428 1590 1452 1631 a
1474 1590 1707 1643 posteriore
1729 1596 1864 1643 parte.

537 1663 587 1703 Id
621 1669 763 1702 totum
797 1661 954 1701 callosa
987 1675 1087 1701 caro
1116 1660 1186 1709 est,
1210 1660 1247 1700 &
1271 1659 1462 1700 incisuris
1486 1657 1709 1699 distin&a:
1741 1673 1864 1714 quaq,

536 1732 590 1772 ad
627 1745 752 1771 nares
789 1730 895 1779 finit,
931 1729 1211 1770 carunculam
1246 1729 1440 1769 demittit
1478 1728 1502 1769 a
1537 1729 1702 1781 reliqua
1734 1743 1863 1770 carne

536 1801 675 1853 figura
698 1800 954 1853 separatam,
977 1799 1117 1851 qualis
1140 1798 1294 1850 cygnis
1317 1797 1387 1846 est,
1410 1797 1542 1837 rostro
1571 1795 1862 1838 coniunctam.

538 1870 719 1911 Nudum
743 1869 902 1922 plumis
925 1874 1056 1920 caput
1079 1867 1149 1915 est,
1175 1866 1212 1906 &
1242 1880 1292 1906 ea
1314 1879 1487 1918 quoque
1516 1866 1614 1906 colli
1645 1880 1743 1919 pars
1766 1880 1864 1919 quae

537 1939 733 1987 rubescit,
756 1938 830 1978 nis1
853 1936 969 1990 quod
1002 1938 1043 1976 in
1068 1936 1236 1976 summo
1268 1936 1411 1988 capite
1444 1935 1566 1975 crista
1598 1935 1657 1975 est
1689 1936 1864 1988 plumea

538 2014 670 2060 atque
711 2005 911 2053 candida,
944 2018 1020 2057 per
1051 2010 1191 2044 totam
1224 2003 1380 2056 capitis
1413 2003 1733 2056 longitudinem
1766 2019 1863 2058 pro-

402 2082 438 2128 [f.
464 2081 519 2127 ιφ]
539 2075 682 2115 tensa:
716 2087 861 2127 quam,
884 2087 982 2112 cum
1006 2072 1295 2120 excandescit,
1318 2072 1455 2124 erigit.
1519 2071 1611 2112 Sub
1643 2073 1777 2113 oculis
1809 2073 1864 2113 ad

539 2143 658 2183 rostri
694 2143 864 2182 initium
898 2156 974 2194 per
1006 2141 1182 2188 inferna,
1216 2140 1474 2180 inordinatae
1516 2141 1698 2181 maculae
1730 2142 1864 2194 nigrae

540 2213 657 2252 carni
682 2211 776 2250 sunt
800 2208 991 2250 inductae
1012 2226 1018 2250 :
1051 2210 1087 2250 ἃ
1110 2223 1195 2249 vna
1218 2215 1299 2264 atq,
1320 2209 1456 2248 altera
1485 2208 1510 2248 a
1540 2209 1707 2249 summo
1738 2210 1866 2250 oculo

541 2283 595 2322 ad
648 2281 830 2333 superna
872 2280 1064 2319 eleuatae.
1127 2278 1292 2319 Oculus
1335 2277 1536 2327 flauescit,
1578 2278 1800 2331 separatus
1840 2277 1865 2318 a

542 2351 708 2403 reliquo
743 2350 885 2402 capite
919 2349 1078 2388 circulo
1111 2349 1245 2400 nigro.
1308 2346 1401 2388 Sub
1433 2353 1634 2388 extremo
1665 2349 1792 2388 oculo
1825 2348 1866 2388 in

543 2419 738 2460 auersum
792 2418 962 2458 macula
1014 2417 1072 2457 est
1124 2416 1359 2469 s111gulariS‚
1401 2415 1596 2468 separata
1637 2416 1662 2456 a
1702 2417 1866 2467 ceteris

546 2488 748 2528 Rostrum
783 2494 925 2527 totum
959 2486 1017 2526 est
1054 2486 1304 2533 coeruleum,
1336 2485 1409 2525 nifi
1443 2484 1560 2538 quod
1594 2486 1635 2525 in
1669 2492 1868 2525 extremo

545 2556 717 2597 macula
768 2556 966 2608 nigrescit
1012 2569 1109 2595 vna.
1172 2555 1327 2594 Pluma
1369 2554 1428 2593 illi
1472 2568 1548 2607 per
1584 2560 1727 2594 totum
1770 2554 1869 2594 colli

546 2625 782 2678 processum
811 2625 1038 2677 reliquum,
1063 2624 1173 2664 alba.
1236 2623 1336 2677 Qua
1368 2624 1536 2676 corpori
1569 2623 1729 2663 collum
1763 2625 1868 2676 {figi-

545 2701 624 2743 tur,
648 2693 831 2733 circulus
859 2693 917 2732 est
950 2692 1151 2745 plumeus
1183 2693 1315 2744 niger,
1339 2706 1432 2731 rara
1464 2692 1613 2744 pluma
1645 2691 1755 2741 alba,
1779 2707 1868 2732 ma-

545 2761 712 2802 culosus
747 2761 784 2801 &
828 2761 1051 2814 inequalis,
1084 2774 1160 2813 per
1196 2761 1283 2800 ima
1324 2760 1553 2812 angustior,
1589 2774 1665 2812 per
1702 2760 1868 2801 summa

546 2831 681 2870 latior.
746 2829 843 2869 Post
886 2842 984 2868 eum
1027 2842 1103 2882 per
1135 2834 1278 2868 totum
1312 2828 1446 2868 imum
1485 2835 1680 2868 ventrem
1720 2829 1869 2881 pluma
