1913 3214
508 209 519 238 1
533 197 593 251 48
954 192 1002 237 P
1006 193 1103 238 icus
1140 192 1366 238 Martius

499 327 680 389 aliquid
717 327 894 389 plumae
933 326 1063 373 inest.
1138 325 1311 372 Alteri]
1351 326 1506 372 maius
1543 328 1690 387 quam
1731 342 1827 371 me-

500 401 630 448 rula:
681 403 875 448 tertium
915 418 1010 448 non
1056 400 1207 447 multo
1248 400 1408 446 minus
1448 403 1595 462 quam
1632 398 1823 462 gallina.

505 476 768 522 Nidulatur
827 476 873 522 in
922 476 1175 522 arboribus
1226 487 1326 521 tum
1376 474 1483 538 alijs
1531 492 1640 521 cum
1689 474 1825 521 oleiS.

505 551 718 598 Pascitur
743 551 955 598 formicis
981 551 1026 597 ἃ
1052 550 1200 597 cossis.
1278 550 1405 597 Cum
1431 550 1581 596 cossos
1608 561 1825 606 uenatur‚

500 637 599 672 tam
649 626 968 673 uehementer
1016 643 1268 681 excauare,
1313 636 1366 672 ut
1407 625 1584 672 sternat
1631 625 1829 672 arbores

501 702 686 748 dicitur.
759 702 861 747 Iam
888 703 1005 748 uero
1033 701 1301 756 mitescens,
1321 700 1520 763 quidam
1547 699 1825 763 amygdalsi,

500 777 632 838 quod
676 776 810 822 rimae
851 775 1110 823 inseruisset
1148 775 1278 839 ligni,
1325 787 1374 822 ut
1417 774 1515 820 fixti
1556 774 1829 822 constanter

504 849 652 897 ictum
681 851 931 913 reciperet,
962 851 1105 897 tertio
1132 849 1228 897 icffu
1268 850 1495 912 pertudit,
1525 849 1570 896 ἃ
1608 850 1829 897 nucleum

502 926 612 973 edit.
693 926 892 972 Paucis¹
919 926 1207 988 quibusdam
1247 926 1472 987 utrinque
1506 925 1604 971 bini
1642 942 1831 988 ungues

502 1012 554 1047 ut
582 1000 795 1053 auiculae,
825 1017 970 1063 quam
1016 1001 1223 1064 Iyngem
1264 1012 1453 1047 uocant.
1536 1001 1660 1047 Haec
1685 1001 1829 1063 paulo

503 1076 656 1134 maior
679 1079 825 1137 quam
854 1075 1063 1138 fringilla
1090 1074 1167 1128 est,
1196 1091 1398 1136 corpore
1434 1075 1580 1122 uario.
1662 1075 1829 1122 Habet

503 1150 584 1196 fibi
622 1151 869 1213 propriam
906 1150 1184 1213 digitorum,
1212 1155 1309 1211 qua
1346 1150 1492 1196 modo
1532 1150 1645 1205 dixi,
1674 1151 1828 1213 dispo-

331 1236 377 1282 [ρ.
404 1237 481 1283 122]
503 1225 734 1280 sinonem,
759 1225 805 1272 ἃ
831 1225 1046 1288 linguam
1075 1225 1376 1287 serpentibus
1402 1224 1621 1271 similem:
1648 1227 1828 1289 quippe

222 1927 330 1960 Picus
351 1926 414 1959 mi-

220 1973 351 2006 nimus.

222 2019 380 2054 Medius.

224 2067 420 2099 Maximus.

501 1317 648 1362 quam
692 1301 737 1346 in
779 1300 1148 1362 longitudinem,
1190 1299 1411 1346 mensura
1452 1311 1659 1363 quatuor
1706 1301 1826 1364 digi-

502 1387 660 1421 torum
724 1375 953 1438 porrigat,
1007 1374 1236 1437 rursumdp
1283 1375 1538 1422 contrahat
1588 1376 1712 1423 intra
1757 1393 1827 1423 ro-

502 1449 659 1504 strum,
686 1449 861 1496 collum
900 1450 1045 1496 etiam
1082 1450 1283 1512 porrigit
1320 1451 1366 1496 in
1397 1451 1615 1497 auersum
1643 1451 1828 1513 reliquo

500 1524 777 1586 quiescente
812 1541 1027 1586 corpore,
1058 1524 1203 1570 modo
1230 1525 1536 1587 serpentium,
1568 1527 1696 1572 unde
1733 1537 1828 1573 tor-

501 1598 648 1660 quilla
674 1598 822 1662 uulgo
856 1599 1100 1661 appellata
1135 1599 1231 1646 est:
1275 1617 1555 1662 quanquam
1595 1602 1737 1648 turbo
1767 1602 1827 1647 ab

502 1673 728 1735 antiquis.
804 1674 1007 1736 Vngues
1067 1675 1109 1720 ei
1168 1674 1392 1737 grandes,
1446 1674 1491 1721 ἃ
1541 1675 1725 1727 similes,
1778 1686 1828 1721 ut

506 1748 779 1795 monedulis
817 1761 1012 1803 exeunt,
1053 1766 1174 1796 uoce
1211 1762 1373 1796 autem
1413 1749 1590 1796 stridet.

587 1849 792 1888 Primum
836 1849 925 1901 pici
964 1863 1100 1901 genus
1149 1850 1294 1902 Angli
1331 1850 1557 1902 speclctam,
1606 1850 1648 1889 ὃ
1699 1851 1828 1890 uuod-

490 1915 715 1968 specln‘am,
742 1915 950 1956 Germani
967 1916 1286 1969 eisterspccltlam
1309 1918 1541 1957 nominant.
1589 1917 1829 1957 Secundum

494 1994 631 2032 genus
663 1982 700 2020 A
710 1981 804 2033 ngli
837 1980 1048 2029 lndzolam,
1081 1981 1153 2021 lioc
1186 1982 1250 2035 est,
1275 1983 1551 2033 foraminum
1589 1983 1830 2030 dolatorem,

507 2046 715 2086 Germani
722 2046 1029 2098 gruaffreclctd
1044 2055 1297 2100 nuncupant.
1349 2049 1495 2088 Tertii?
1511 2063 1648 2101 genus
1664 2051 1701 2087 A
1712 2049 1829 2101 nglia

503 2117 553 2151 no
604 2112 733 2160 nouit,
788 2112 997 2152 Germani
1043 2117 1122 2152 ant
1169 2113 1447 2164 craspeclctani
1491 2114 1527 2154 ,ιζ
1570 2114 1828 2154 cornicinum

492 2178 639 2228 picum
660 2178 851 2229 appellnt,
872 2177 985 2230 quod
1001 2179 1201 2218 cornicem
1215 2178 1424 2230 plumarii
1445 2180 1575 2219 colore
1597 2180 1640 2219 ξφ
1663 2181 1829 2233 magni-

503 2243 649 2283 lna'ine
669 2243 798 2282 etiam
811 2244 917 2294 pene
939 2250 1078 2295 cequet.

588 2308 766 2347 Plinius
784 2315 945 2360 prceter
966 2308 1051 2348 lcoec
1071 2309 1158 2348 trio
1181 2309 1219 2348 A
1230 2309 1422 2362 ristolelis
1436 2324 1605 2363 genera,
1627 2318 1829 2363 quartum

493 2373 584 2425 pici
610 2387 747 2425 genus
771 2375 918 2424 facere
950 2374 1131 2423 uidetur,
1166 2389 1266 2415 nam
1297 2375 1367 2415 lib.
1399 2387 1458 2416 10.
1481 2384 1563 2429 cap.
1589 2388 1639 2427 33
1667 2377 1829 2428 scribit.

496 2440 639 2491 picum
680 2439 863 2491 aliquem
898 2439 1149 2491 suspendere
1184 2441 1335 2480 nidum
1380 2442 1423 2480 in
1458 2442 1633 2492 surmlo
1670 2442 1831 2494 primis

504 2505 547 2544 in
591 2505 727 2544 ramis
761 2505 902 2556 cyallai
936 2505 1066 2553 modo,
1102 2513 1151 2545 nt
1186 2506 1304 2546 nulla
1340 2507 1579 2559 quadrupes
1608 2508 1730 2560 possit
1764 2521 1828 2547 ac-

503 2584 553 2609 sl'(
557 2570 646 2610 llere.

589 2636 757 2675 Praeter
795 2635 1004 2675 uireouenz
1035 2635 1190 2686 solum,
1229 2636 1273 2676 in
1314 2636 1490 2688 Europa
1531 2637 1697 2678 nullam
1738 2638 1831 2677 alic?

333 2709 380 2754 [p.
407 2709 484 2754 123]
503 2714 624 2740 onem
661 2701 720 2740 ila
754 2701 953 2741 nidulari
980 2702 1087 2742 noui.
1153 2701 1297 2752 Quare
1330 2703 1493 2743 nullam
1526 2704 1673 2751 aliam,
1701 2704 1828 2756 qnam

503 2766 619 2808 hanc,
652 2780 745 2817 qna?
766 2766 858 2818 pici
885 2774 1087 2818 quartum
1112 2781 1250 2819 genus
1279 2770 1351 2821 esse
1371 2770 1503 2822 possit,
1537 2770 1716 2809 inuenio.

898 2878 908 2898 ¹
936 2879 1036 2912 Hist.
1056 2879 1130 2912 An.
1152 2879 1208 2912 Bk
1228 2887 1267 2912 ΙΙ.
1287 2881 1434 2923 46—47.
