1913 3214
456 124 470 155 1
484 111 545 155 86
986 111 1253 160 Peroratio

447 245 736 294 Alexander
773 246 851 294 ille
888 248 1108 295 omnium
1147 248 1455 296 ethnicorum
1494 267 1665 314 regum
1703 269 1787 314 po-

446 325 612 381 tentia,
655 325 828 373 bellica
864 326 1033 389 gloria,
1072 326 1119 373 &
1152 326 1404 373 literarum
1442 327 1598 376 studio
1635 330 1788 376 maxi-

446 421 554 450 mus
615 404 661 451 ἃ
722 403 1040 451 nobilissimus
1087 405 1196 452 secu
1247 405 1412 452 animo
1460 407 1786 469 perpendens

271 485 319 531 [Ρ-
345 486 425 533 151]
445 482 761 530 Aristotelem
799 484 894 530 iam
933 484 996 531 de
1033 483 1327 530 animalibus
1364 483 1612 547 scripturn,
1640 503 1787 549 quern

443 562 647 624 priuatis
673 562 947 625 sumptibus
974 563 1237 627 negocium
1264 561 1382 609 illud
1408 562 1660 612 absoluere
1687 582 1785 612 non

443 642 647 704 potuisse
697 654 1013 706 cognouerat,
1059 642 1122 689 ad
1163 642 1514 690 conducendos
1558 660 1785 706 aucupes,

443 719 490 767 ἃ
510 732 784 776 uenatores‚
807 720 853 767 ἃ
869 721 933 767 ad
954 720 1132 768 alenda
1152 722 1198 767 in
1221 721 1420 785 uiuarijs
1441 721 1671 769 animalia
1690 723 1785 770 iam

441 810 596 861 capta,
635 801 734 858 480
774 798 969 846 milibus
1007 812 1353 846 coronatorum
1389 800 1603 855 donauit,
1635 800 1681 848 &
1721 801 1787 848 ita

442 877 676 924 instruxit.
753 877 892 924 Talis
920 877 948 924 si
982 877 1128 924 hodie
1162 868 1342 925 alicubi
1381 878 1668 926 Alexander
1704 897 1785 927 ex-

441 955 614 1010 isteret,
645 973 742 1003 non
770 956 1047 1003 dubitarem
1085 956 1203 1019 quin
1240 974 1397 1004 nouus
1435 957 1577 1004 nobis
1604 958 1786 1006 Aristo-

441 1034 561 1082 teles
621 1034 847 1081 alicunde
908 1034 1252 1091 renasceretur,
1304 1036 1387 1099 qui
1437 1036 1612 1099 prioris
1661 1037 1785 1085 illius

439 1113 716 1161 Aristotelis
751 1113 981 1159 animalia
1018 1114 1194 1166 onmia,
1237 1115 1405 1177 paucis
1443 1117 1676 1179 exceptiS,
1722 1122 1784 1164 no

439 1193 590 1241 solum
630 1193 771 1240 nobis
802 1210 912 1239 cum
949 1193 1167 1240 moribus
1195 1194 1398 1241 medicis
1426 1194 1519 1241 suis
1547 1195 1784 1243 facultati-

438 1273 542 1327 bus,
586 1272 632 1320 ἃ
667 1272 810 1318 huius
847 1272 1032 1335 teporis
1073 1272 1354 1319 nominibus
1391 1273 1660 1329 exhiberet,
1702 1274 1783 1321 sed

438 1352 484 1400 ἃ
523 1351 676 1399 multa
716 1352 854 1415 plura
895 1351 1125 1399 animalia
1161 1357 1259 1414 qua
1297 1352 1440 1415 prior,
1484 1353 1529 1401 ἃ
1569 1353 1785 1401 humano

435 1433 606 1497 generi
657 1449 754 1480 non
804 1433 965 1479 minus
1017 1432 1151 1479 utilia
1203 1449 1292 1479 nos
1341 1433 1554 1481 doceret.
1632 1433 1783 1495 Quod

436 1512 583 1575 igitur
630 1511 919 1558 Aristoteles
967 1511 1028 1558 de
1077 1524 1176 1558 tam
1227 1510 1392 1559 multis
1445 1513 1778 1560 animantibus

262 1600 311 1647 [p.
336 1600 415 1648 152]
435 1596 485 1638 ta
528 1590 751 1638 foeliciter
789 1590 1038 1652 scripserit,
1081 1590 1318 1638 Alexadri
1362 1591 1525 1653 potius
1574 1591 1783 1639 liberali-

433 1671 520 1718 tati
547 1673 696 1734 quam
723 1670 968 1718 Aristotel.
998 1669 1251 1734 diligentie
1287 1670 1602 1719 tribuendum
1641 1684 1776 1720 erat:

436 1750 662 1813 quamuis
693 1761 741 1797 et
775 1767 833 1796 ea
867 1749 1175 1811 summopere
1207 1748 1418 1796 laudada
1452 1762 1567 1798 erat.
1647 1751 1781 1798 Nam

436 1830 464 1877 si
493 1829 765 1877 Alexandri
793 1829 1128 1876 munificentia
1153 1828 1404 1876 Aristoteli
1438 1829 1668 1877 animalia
1702 1829 1782 1878 illa

434 1908 699 1972 spectanda
749 1912 811 1955 no
860 1908 1165 1966 exhibuisset,
1208 1908 1454 1956 historiam
1495 1908 1779 1956 animalium

435 1988 575 2035 nobis
602 2000 702 2035 tam
723 1986 992 2034 absolutam
1023 2004 1272 2050 nunquam
1301 1987 1548 2035 [edidisset.
1607 1988 1777 2035 Mirari

433 2068 580 2132 igitur
617 2065 836 2114 desinant
863 2065 1149 2128 scriptorum
1189 2067 1332 2113 liuius
1363 2067 1599 2129 temporis
1635 2067 1777 2115 ociosi

433 2146 635 2201 cesores,
665 2145 901 2208 frigidius,
939 2143 1196 2200 iiidocffius,
1228 2146 1274 2192 ἃ
1313 2146 1487 2193 minori
1527 2163 1637 2192 cuni
1675 2146 1778 2193 dili-

432 2225 567 2288 getia
604 2224 835 2287 stirpium,
864 2224 1042 2279 auium,
1080 2224 1280 2286 piscium
1317 2224 1363 2272 ἃ
1400 2225 1777 2288 quadrupedum

434 2305 654 2353 historias
681 2304 771 2351 hac
805 2315 950 2350 aetate
979 2303 1191 2358 coscribi,
1222 2306 1370 2366 quam
1406 2303 1537 2365 apud
1565 2303 1775 2351 seculum

433 2385 566 2447 prius
593 2381 942 2430 tracffabantur.
1020 2381 1188 2443 Quum
1228 2381 1376 2429 hodie
1402 2382 1635 2444 quicquid
1670 2400 1776 2447 pre-

432 2462 545 2510 clari
573 2463 620 2509 in
648 2462 804 2509 lucem
840 2461 1090 2515 emittitur,
1118 2461 1322 2523 priuatis
1357 2461 1592 2508 tenuioris
1627 2461 1775 2509 fortu-

433 2559 508 2590 nae
534 2541 801 2589 studiosoru
829 2540 1043 2587 uirorum
1071 2540 1342 2602 sumptibus
1369 2539 1415 2586 Sc
1442 2541 1775 2603 typographo-

431 2637 537 2668 rum
588 2619 814 2683 impensis
863 2619 1049 2666 edatur.
1126 2619 1230 2666 Sed
1278 2619 1339 2665 ad
1379 2629 1426 2665 te
1471 2618 1565 2664 iani
1607 2619 1769 2675 redeo,

430 2699 763 2749 candidissime
801 2696 966 2753 le6³tor‚
997 2715 1145 2760 quem
1184 2698 1332 2745 etiam
1370 2708 1465 2760 atqi
1501 2698 1648 2744 etiam
1687 2699 1773 2746 ob-

258 2784 306 2831 [Ρ-
333 2783 412 2830 Ι53]
431 2780 588 2831 testor.
620 2792 673 2826 ut
706 2778 735 2824 si
770 2796 867 2840 qua
898 2777 985 2824 tibi
1022 2777 1118 2824 sese
1157 2777 1419 2840 peregrina
1445 2776 1566 2823 facie
1600 2777 1772 2824 offerat
