1913 3214
479 165 492 194 1
505 165 563 207 42
935 149 1338 196 Phoenz'x—Pz'ca

473 281 546 327 nis
593 280 1012 344 distinguentibus,
1060 282 1208 328 cristis
1252 283 1425 330 faciem
1467 283 1658 346 caputc‘p
1698 283 1799 345 plu—

473 382 583 412 meo
622 366 759 427 apice
803 365 1101 412 honestante.
1181 366 1372 411 Primus
1412 377 1558 427 atque
1596 366 1797 430 diligen-

473 449 672 496 tissimus
728 461 1007 513 togatorum
1067 450 1129 496 de
1177 467 1236 496 eo
1284 450 1499 512 prodidit
1552 450 1796 505 Manilius,

473 533 663 580 senator
721 533 799 579 ille
858 534 1111 586 maximus,
1165 532 1353 588 nobilis,
1405 532 1606 581 do&ore
1654 533 1796 588 nullo,

472 627 612 663 autor
645 616 724 670 est,
767 616 1012 662 neminem
1050 617 1267 671 extitisse,
1310 617 1391 678 qui
1432 617 1607 663 uiderit
1645 617 1800 664 uesce-

300 711 348 758 [p.
375 711 452 758 116]
472 711 583 745 tem.
657 699 860 745 Sacrum
899 699 946 744 in
989 699 1175 744 Arabia
1208 698 1289 745 soli
1322 699 1425 753 esse,
1454 699 1619 746 uiuere
1659 701 1798 746 annis

473 787 581 829 660.
657 782 950 828 senescetem
1013 781 1132 828 casla
1188 782 1388 845 thurisd÷
1445 783 1640 830 surculis
1689 801 1799 830 con-

472 865 650 911 struere
687 865 868 918 nidum,
906 864 1092 926 replere
1127 865 1372 919 odoribus
1409 865 1454 912 ἃ
1489 866 1798 927 superemori.

475 947 553 992 Ex
586 947 763 994 ossibus
795 947 972 993 deinde
1014 964 1068 994 ac
1103 947 1328 993 medullis
1362 947 1486 994 nasci
1519 949 1675 1009 primo
1713 966 1801 995 ceu

474 1032 802 1083 uermiculum,
833 1031 945 1078 inde
970 1030 1072 1078 fieri
1099 1030 1296 1093 pullum.

988 1165 1078 1204 DE
1118 1163 1281 1206 PICA.

558 1250 713 1298 Κίττα,
732 1251 841 1303 pica,
863 1249 1047 1303 Anglz'cc'⁷
1072 1263 1099 1288 a
1117 1256 1187 1301 py,
1215 1263 1265 1289 ον
1289 1264 1315 1289 a
1333 1249 1437 1301 piot,
1463 1249 1711 1290 Germanice
1734 1262 1803 1302 cml

473 1326 593 1379 elsters
619 1328 702 1367 obet
725 1337 796 1367 cun
821 1328 913 1377 agel.

942 1408 1300 1454 ARISTOTELES
1318 1411 1340 1454 ¹.

576 1500 688 1545 Pica
714 1516 860 1545 uoces
888 1497 1120 1560 plurimas
1147 1507 1428 1551 commutat,
1450 1497 1646 1560 singulis
1672 1498 1801 1544 enirn

473 1583 572 1629 fere
599 1583 773 1629 diebus
799 1581 1035 1628 diuersam
1069 1581 1246 1627 emittit
1279 1597 1465 1627 uocem,
1544 1581 1673 1627 Parit
1711 1598 1804 1627 oua

471 1667 662 1713 circiter
710 1682 889 1712 nouem
927 1680 1144 1710 numero.
1224 1663 1409 1709 Nidum
1461 1664 1506 1709 in
1549 1664 1803 1710 arboribus

473 1750 586 1796 facit
633 1766 695 1796 ex
744 1748 853 1811 pilis
900 1747 945 1794 ἃ
994 1747 1115 1801 lana,
1159 1746 1365 1810 glandes
1409 1750 1516 1792 cum
1553 1747 1799 1804 deficiunt,

472 1833 669 1896 colligit,
717 1832 763 1879 ἃ
808 1832 853 1878 in
898 1830 1182 1893 repofitorio
1225 1830 1429 1883 abditas,
1471 1830 1695 1879 reseruat.

1009 1932 1256 1978 memsz

577 2025 743 2070 Minor
803 2022 1043 2076 nobilitas,
1094 2022 1208 2083 quia
1265 2038 1362 2067 non
1423 2039 1482 2067 ex
1532 2021 1800 2085 longinquo

300 2108 618 2157 [p-117]uenit.
671 2107 752 2153 sed
812 2105 1075 2167 expressior
1133 2104 1401 2165 loquacitas
1450 2117 1582 2151 certo
1630 2107 1797 2168 generi

473 2193 688 2255 picarum
738 2189 817 2243 est,
865 2191 1012 2251 quam
1060 2188 1248 2250 psltacis
1297 2187 1374 2234 est.
1456 2188 1563 2234 Nec
1611 2189 1797 2236 discunt

472 2278 673 2328 tantum,
718 2273 798 2320 sed
838 2272 1046 2336 diligunt
1087 2270 1426 2333 meditantesc'p
1466 2272 1589 2317 intra
1634 2272 1794 2326 semet,

471 2377 585 2406 cura
609 2371 703 2419 atq5
729 2356 1038 2420 cogitatione,
1070 2355 1389 2401 intentionem
1419 2372 1513 2401 non
1541 2355 1795 2403 occultant.

474 2442 674 2489 Constat
713 2440 864 2487 emori
905 2437 1060 2485 uicias
1100 2437 1383 2483 difficultate
1427 2438 1575 2491 uerbi,
1620 2455 1672 2484 ac
1717 2439 1796 2485 nisi

473 2525 673 2572 subinde
698 2523 872 2569 eadem
898 2521 1109 2574 audiant,
1135 2520 1368 2566 memoria
1395 2520 1503 2572 falli,
1525 2533 1799 2581 quaerentes

474 2610 645 2655 mirum
673 2608 719 2654 in
747 2606 947 2653 modum
974 2604 1180 2657 hilarari,
1204 2603 1233 2649 si
1263 2604 1455 2649 interim
1483 2605 1723 2651 audierint
1751 2606 1797 2652 id

474 2693 690 2739 uerbum.
769 2690 877 2735 Nec
911 2687 1126 2750 uulgaris
1160 2687 1217 2748 ijs
1243 2686 1410 2737 forma,
1440 2688 1663 2748 quamuis
1702 2705 1797 2734 non

845 2788 856 2809 ¹
883 2789 982 2822 Hist.
1003 2787 1078 2820 An.
1101 2786 1157 2819 Bk
1177 2793 1230 2819 IX.
1251 2786 1304 2819 81.

844 2842 858 2864 ‘²
884 2844 984 2877 Hz'st.
1006 2842 1094 2875 Nat.
1117 2840 1194 2874 Lib.
1216 2849 1252 2873 X.
1273 2851 1352 2884 cap.
1372 2840 1445 2875 xlii.
