1913 3214
503 170 563 202 20
1071 153 1124 199 A
1131 153 1256 200 laedo

496 305 592 351 que
641 304 799 352 genus
848 304 1002 350 aquas
1049 287 1257 343 adamat,
1311 287 1444 350 quod
1492 285 1675 348 duplex
1735 285 1833 333 est:

496 377 701 425 alterurn
739 375 922 432 uocale,
969 377 1325 424 harundinibus
1364 376 1586 430 insidens,
1628 375 1835 423 alterum

496 480 697 523 mutum,
726 467 857 530 quod
885 467 1121 529 ampliore
1147 485 1352 531 corpore
1378 468 1445 515 est
1471 507 1479 515 .
1505 467 1698 529 utrique
1724 466 1834 514 dor-

495 558 596 604 sum
623 557 902 605 coeruleum.
982 557 1084 605 Sed
1118 557 1289 605 alcedo
1316 558 1448 621 apud
1477 574 1609 604 mare
1634 573 1833 620 quoque

495 648 724 695 uersatur.

1042 778 1254 825 PLINIUS
1273 782 1294 824 ¹.

597 896 706 959 Ipsa
766 897 870 943 auis
927 896 1072 959 paulo
1133 895 1341 959 amplior
1391 896 1619 959 pascere2,
1670 894 1832 943 colore

345 990 393 1036 [P-
415 990 474 1037 20]
494 1004 693 1049 cyaneo,
735 1004 796 1033 ex
836 999 975 1049 parte
1017 987 1214 1041 maiore,
1257 990 1449 1033 tantum
1487 986 1743 1049 purpureis
1785 986 1831 1034 ἃ

492 1076 713 1123 candidis
753 1076 989 1124 admixtis
1024 1077 1212 1139 pennis
1250 1075 1375 1124 collo
1416 1077 1583 1140 gracili
1625 1094 1679 1123 ac
1723 1094 1831 1139 pro—

492 1185 617 1214 cero.
693 1167 919 1214 Alterum
957 1185 1115 1230 genus
1146 1184 1326 1223 earum,
1363 1168 1704 1232 magnitudine
1741 1167 1830 1213 dis-

492 1258 741 1322 tinguitur,
795 1258 841 1305 &
887 1269 1044 1304 cantu.
1124 1258 1346 1305 Minores
1396 1258 1442 1304 in
1493 1257 1831 1304 harundinetis

491 1360 684 1394 canunt.
765 1331 1100 1410 Halcyonemv
1128 1347 1294 1394 uidere
1345 1348 1577 1394 rarissimu
1620 1347 1700 1403 est,
1743 1365 1831 1395 nec

491 1438 573 1484 nis1
613 1437 942 1502 Vergiliarum
981 1438 1163 1492 occasu,
1207 1437 1253 1485 ἃ
1297 1438 1424 1485 circa
1466 1437 1672 1493 solstitia,
1720 1439 1829 1485 bru-

491 1528 713 1581 mam'ue,
743 1545 868 1574 naue
905 1526 1172 1590 aliquando
1206 1527 1565 1582 circumuolata,
1597 1527 1753 1575 statim
1782 1529 1828 1575 in

489 1619 701 1666 latebras
739 1620 1016 1667 abeuntem.
1096 1619 1376 1666 Foetificant
1402 1620 1586 1675 bruma,
1615 1620 1698 1683 qui
1724 1620 1829 1667 dies

494 1709 817 1757 Halcionides
866 1716 1082 1765 uocatur,
1126 1710 1318 1773 placido
1369 1711 1487 1757 mari
1534 1728 1621 1773 per
1662 1728 1747 1758 eos
1781 1711 1827 1758 Sc

489 1801 767 1865 nauigabili,
798 1801 964 1848 Siculo
991 1802 1217 1848 maxime.
1298 1801 1353 1847 In
1381 1800 1580 1864 reliquis
1606 1801 1825 1864 partibus

487 1891 554 1938 est
585 1892 784 1954 quidem
821 1892 985 1939 mitius
1022 1892 1238 1956 pelagus.
1318 1891 1483 1939 Siculu
1513 1892 1626 1955 utiq÷
1651 1891 1826 1939 trasia-

486 1981 594 2029 bile.
675 1982 882 2028 Faciunt
916 1994 1081 2029 autem
1114 1982 1296 2044 septem
1328 1993 1441 2029 ante
1477 1982 1701 2028 brumam
1727 1982 1827 2030 die-

487 2072 578 2118 bus
614 2071 768 2124 nidos,
797 2070 843 2117 Sc
870 2071 1075 2118 totidem
1103 2071 1420 2134 sequentibus
1452 2072 1624 2133 pariut.
1704 2072 1824 2119 Nidi

487 2179 651 2208 earum
691 2161 1067 2208 admirationem
1104 2161 1299 2216 habent,
1334 2161 1444 2224 pilae
1483 2161 1639 2225 figura
1676 2162 1823 2224 paulu

486 2252 748 2305 eminente,
816 2267 900 2297 ore
971 2253 1208 2313 perquam
1280 2251 1497 2315 angusto,
1561 2253 1822 2316 grandium

339 2352 468 2399 [p.21]
488 2340 799 2403 spongiarum
858 2339 1179 2395 similitudine,
1236 2341 1364 2388 ferro
1427 2341 1649 2388 intercidi
1725 2360 1823 2390 non

486 2444 685 2494 queunt,
717 2430 1052 2494 frangunturd3
1078 2430 1175 2478 icstu
1203 2431 1377 2486 ualido,
1408 2443 1461 2478 ut
1487 2432 1655 2494 spuma
1688 2434 1825 2480 arida

487 2521 644 2568 maris.
727 2521 834 2568 Nec
862 2521 992 2568 unde
1019 2520 1364 2584 confingantur
1390 2521 1648 2569 inuenitur.
1733 2523 1823 2570 Pu-

484 2621 590 2657 tant
626 2627 689 2657 ex
728 2610 874 2672 spinis
911 2609 1156 2664 aculeatis,
1198 2610 1407 2672 piscibus
1452 2611 1581 2657 enim
1633 2612 1816 2660 uiuunt.

484 2699 711 2747 Subeunt
748 2699 794 2746 ἃ
832 2699 879 2746 in
917 2717 1101 2746 amnes.
1180 2699 1380 2746 Pariunt
1405 2717 1500 2747 oua
1524 2701 1684 2763 quina.

841 2816 853 2838 ¹
880 2816 980 2851 Hist.
1002 2817 1090 2850 Nat.
1115 2817 1192 2851 Lib.
1214 2825 1250 2851 X.
1271 2828 1350 2861 cap.
1370 2817 1477 2851 xxxii.

840 2874 853 2896 ²
881 2876 977 2919 Lege
997 2876 1188 2920 ‘passere'
