1913 3214
477 119 567 149 202
1009 102 1061 148 Α
1056 102 1278 165 ppendz'x

473 236 605 289 Quod
629 237 741 276 inter
762 236 968 276 verticem
993 235 1031 276 &
1053 249 1229 276 carnem
1251 234 1311 275 est
1339 233 1365 275 a
1396 236 1554 276 dextra
1588 235 1626 276 ἃ
1649 235 1810 276 sinistra

472 310 606 355 parte,
648 302 798 342 album
851 301 1057 354 deplume
1108 301 1180 349 est,
1231 301 1316 341 leui
1369 301 1559 341 coeruleo
1606 301 1808 341 mixtum.

473 370 605 410 Color
628 369 799 409 verticis
822 375 956 421 atque
978 368 1125 420 apicis,
1149 367 1264 407 idem
1288 367 1459 420 prorsus
1491 367 1551 408 est
1583 371 1634 408 εὖ
1667 368 1810 409 εοΙοτε

472 434 646 489 dactyli.
709 435 850 475 Tibiae
873 436 1008 487 nigrae
1033 434 1140 482 sunt,
1164 434 1201 474 ἃ
1225 434 1266 473 in
1295 434 1499 474 anteriori
1529 441 1664 487 parte,
1688 434 1808 488 squa-

473 503 589 543 mosa
622 502 804 542 incisura
836 501 999 554 duplici
1033 507 1214 540 notatae:
1246 501 1288 539 in
1322 500 1543 553 posteriori
1576 501 1706 551 nulla,
1739 502 1808 542 sed

472 570 600 618 leueS,
624 569 661 609 &
683 569 817 608 veluti
841 564 1014 620 punctis
1036 566 1296 619 quibusdam
1320 566 1378 606 sui
1408 567 1565 607 coloris
1601 567 1808 621 respersae.

473 635 606 675 Color
638 635 698 675 illi
742 635 816 674 sub
859 633 1055 674 faucibus
1099 630 1311 685 exquisite
1354 632 1413 672 est
1455 646 1723 685 purpureus:
1766 634 1808 674 in

471 702 583 741 collo
606 699 783 742 obscure
807 714 1074 754 purpureus:
1109 699 1151 738 in
1174 705 1320 749 cetero
1343 713 1523 752 corpore
1546 713 1622 752 per
1644 699 1810 740 summa

470 769 711 815 contuenti,
735 767 876 820 qualis
909 765 1130 817 consurgit
1162 765 1188 804 s1
1221 765 1371 805 album
1405 765 1442 806 ἃ
1476 765 1649 818 nigrum
1684 766 1809 819 polli-

471 849 570 875 nem
624 841 847 887 vtcunque
900 833 1090 873 tenuiter
1132 832 1296 880 tritum,
1338 831 1471 871 colori
1515 831 1631 872 fusco
1674 832 1809 871 rarius

470 902 682 955 aspergas
706 915 786 941 nec
808 907 957 940 tamen
981 898 1274 939 commisceas.
1337 898 1435 938 Tali
1467 898 1601 938 colori
1626 898 1809 938 macula:

470 968 582 1007 albae
625 967 774 1007 Quales
817 973 893 1006 aut
935 964 1135 1005 rotundae
1179 978 1256 1017 per
1296 970 1438 1004 totum
1482 978 1639 1017 corpus
1681 964 1810 1005 inesse

470 1034 676 1082 visuntur,
700 1047 776 1086 per
809 1032 977 1072 summa
1011 1031 1212 1080 minores,
1236 1044 1313 1083 per
1345 1031 1434 1070 ima
1467 1032 1666 1079 maiores,
1690 1044 1807 1071 com-

470 1100 692 1154 prehensae
746 1099 986 1140 interuallis
1029 1098 1242 1138 linearum
1285 1098 1351 1149 (vt
1403 1104 1588 1151 apparet
1630 1098 1671 1137 in
1714 1097 1808 1150 plu-

471 1181 640 1208 marum
674 1166 988 1220 composltione
1025 1163 1233 1214 naturali)
1265 1178 1364 1217 quae
1407 1163 1447 1203 se
1490 1170 1644 1203 mutuo
1677 1163 1805 1204 inter-

471 1234 615 1274 secant
646 1233 827 1286 obliquo
868 1232 969 1272 hinc
1012 1231 1113 1271 inde
1145 1228 1292 1279 du5tu‚
1327 1243 1403 1283 per
1435 1229 1602 1270 summa
1635 1236 1808 1270 tantum

469 1301 674 1353 corporis,
699 1313 786 1339 non
811 1299 915 1338 item
940 1312 1015 1351 per
1042 1298 1139 1338 ima.
1205 1297 1256 1337 Id
1289 1310 1376 1336 non
1409 1311 1467 1337 ex
1499 1303 1595 1336 toto
1628 1310 1809 1349 corpore

471 1368 607 1407 solum
650 1365 964 1420 deprehendes,
1007 1364 1077 1404 sed
1120 1379 1177 1405 ex
1220 1363 1395 1417 fingulis
1438 1363 1594 1403 auulfis
1636 1363 1808 1416 plumis.

473 1434 726 1486 Superiores
760 1433 887 1480 enim,
911 1431 1100 1484 obliquis
1134 1431 1258 1471 lineis
1292 1430 1331 1470 se
1365 1436 1519 1470 mutuo
1550 1429 1808 1470 intersecan—

470 1501 599 1549 tibus,
631 1507 718 1548 aut,
751 1499 777 1538 sl
812 1499 964 1544 mauis,
1001 1497 1206 1538 orbiculis
1241 1496 1500 1549 quibusdam
1539 1510 1596 1536 ex
1631 1496 1732 1536 albo
1770 1496 1807 1537 ἃ

471 1569 595 1621 nigro
627 1568 693 1619 (vt
725 1566 839 1617 dixi)
871 1565 1034 1618 polline
1066 1562 1288 1612 confeefis,
1322 1563 1360 1604 &
1393 1577 1469 1617 per
1503 1564 1808 1603 extremitates

470 1631 725 1681 coniunctis,
748 1640 793 1673 vt
817 1634 858 1672 in
883 1632 992 1672 fauis
1016 1639 1091 1671 aut
1115 1631 1321 1679 rhetibus,
1345 1629 1540 1670 maculas
1562 1630 1710 1670 ouales
1733 1637 1808 1670 aut

331 1704 367 1750 [f.
390 1705 449 1751 21]
471 1701 682 1740 rotundas
717 1699 838 1738 albas
872 1699 913 1737 in
948 1697 1103 1751 spacijs
1136 1696 1261 1737 fuscis
1294 1696 1700 1749 comprehendunt:
1744 1697 1807 1736 in-

471 1767 648 1806 feriores
682 1779 768 1805 non
807 1765 924 1804 item.
987 1764 1135 1818 Vtreq⁷
1176 1770 1324 1803 tamen
1364 1762 1487 1802 simili
1526 1762 1622 1815 lege
1658 1762 1806 1814 positae

471 1833 576 1872 sunt.
642 1833 757 1872 Nam
782 1832 824 1870 in
848 1830 947 1882 alijs
970 1830 1143 1883 plumis,
1166 1829 1320 1869 ordine
1350 1829 1410 1868 ita
1440 1826 1600 1868 iunctae
1631 1827 1739 1877 sunt,
1760 1835 1807 1869 vt

471 1897 558 1939 fere
600 1897 842 1950 triangulos
885 1903 1037 1936 acutos
1080 1895 1267 1936 faciant:
1321 1895 1362 1934 in
1408 1893 1516 1946 alijs‚
1553 1901 1598 1934 vt
1632 1894 1804 1934 oualem

471 1964 606 2016 figura
648 1963 954 2016 representent.
1018 1963 1164 2002 Huius
1200 1961 1372 2015 generis
1405 1960 1579 2000 ordines
1613 1966 1698 2000 tres
1731 1966 1807 2000 aut

470 2038 658 2083 quatuor
687 2031 729 2069 in
753 2030 929 2082 singulis
952 2029 1035 2069 suis
1065 2029 1227 2082 plumis
1251 2027 1358 2076 sunt,
1382 2028 1442 2067 ita
1472 2033 1519 2067 vt
1551 2026 1740 2066 minores
1763 2026 1805 2066 in

471 2098 637 2137 maiorffi
659 2096 897 2149 complexu
921 2102 1198 2149 reponantur.
1263 2094 1314 2134 In
1344 2093 1555 2134 extremis
1585 2092 1664 2133 alis
1692 2093 1730 2134 &
1763 2093 1805 2132 in

470 2162 621 2211 cauda,
663 2159 789 2202 rectis
842 2162 965 2201 lineis
1017 2160 1382 2214 equidistantibus
1434 2157 1679 2212 procedunt
1730 2172 1807 2212 per

470 2228 793 2281 longitudinem
827 2227 1021 2268 maculae.
1089 2227 1205 2266 Inter
1236 2225 1402 2278 gallum
1437 2224 1474 2264 ἃ
1497 2223 1706 2276 gallinam
1731 2224 1805 2263 vix

469 2294 695 2343 discernes,
718 2300 843 2340 tanta
865 2293 924 2333 est
948 2292 1194 2339 similitudo,
1217 2290 1291 2330 nis1
1315 2289 1435 2343 quod
1466 2289 1643 2342 gallinae
1673 2296 1806 2342 caput

470 2367 612 2400 totum
652 2361 825 2412 nigrum
859 2359 928 2399 est.
990 2359 1094 2399 Vox
1133 2358 1192 2397 illi
1228 2357 1287 2397 est
1329 2356 1490 2396 diuisus
1529 2356 1684 2404 fibssus,
1718 2370 1804 2395 non

470 2426 671 2475 sonorior,
695 2440 779 2466 non
815 2426 953 2465 maior
986 2439 1092 2465 voce
1124 2424 1369 2472 coturnicis,
1400 2422 1470 2462 sed
1503 2421 1677 2461 fimilior
1709 2422 1803 2461 voci

470 2493 666 2545 perdicis,
704 2492 778 2531 nisi
821 2490 940 2544 quod
984 2491 1232 2531 submissior
1273 2504 1324 2530 ea
1361 2488 1430 2538 est,
1469 2502 1548 2528 nec
1583 2488 1644 2528 ita
1677 2487 1804 2529 clara.

470 2559 603 2601 Cursu
635 2558 767 2599 velox
800 2558 870 2598 est.

967 2661 1033 2701 De
1064 2660 1304 2701 Morinello.

556 2752 826 2801 MorinelluS,
869 2753 961 2793 auis
1004 2753 1130 2793 nobis
1172 2765 1271 2792 cum
1317 2750 1500 2791 Morinis
1543 2750 1802 2797 communis,

468 2820 595 2860 stulta
627 2819 867 2859 admodum
901 2819 972 2867 est,
996 2819 1066 2859 sed
1097 2820 1139 2859 in
1169 2819 1276 2858 cibis
1298 2818 1497 2865 delicata,
1521 2813 1660 2868 eoc'lue
1683 2818 1799 2869 apud
