1913 3214
522 136 535 165 1
550 135 574 179 3
583 122 609 165 8
983 119 1077 164 Ριῑῑ
1084 136 1116 165 νο
1123 118 1377 164 *Perdat-

515 251 752 314 spectare¹
799 251 982 314 gaudet
1029 249 1208 297 oculos.
1287 249 1424 295 Idem
1472 248 1626 294 cauda
1666 247 1838 294 annuis

515 329 699 376 uicibus
734 329 896 375 amissa
929 345 1038 375 cum
1073 327 1200 390 folijs
1235 328 1474 381 arborum,
1503 326 1658 372 donec
1686 325 1839 372 renas·

515 420 650 454 catur
676 408 849 453 iterum
878 423 987 452 cum
1015 405 1154 452 flore:
1193 404 1506 467 pudibundus
1539 421 1594 450 ac
1630 419 1839 449 moerens

514 486 687 547 quaerit
726 484 975 531 latebram.
1052 482 1188 529 Viuit
1223 483 1362 528 annis
1400 482 1571 545 uiginti
1612 481 1839 542 quinque.

516 562 718 609 Colores
750 561 916 623 incipit
943 560 1144 606 sundere
1182 560 1228 604 in
1264 559 1470 605 trimatu.
1548 558 1627 604 Ab
1665 558 1840 604 autori-

515 640 605 686 bus
645 639 850 686 traditur
888 654 983 685 non
1019 641 1206 683 tantum
1241 636 1500 699 gloriosum
1531 636 1720 689 animal,
1760 635 1839 682 sed

517 717 820 771 maleuolum‚
862 717 975 763 sicut
1020 716 1158 762 anser
1199 715 1539 762 uerecundum.
1620 715 1841 761 Pauones

518 798 564 843 in
590 796 828 858 capitibus
855 795 946 841 suis
975 794 1122 841 ueluti
1149 794 1319 840 crinita
1345 793 1527 839 habent
1552 791 1814 839 arbuscula.

961 968 1052 1007 DE
1092 966 1396 1008 PERDJCE.

603 1057 776 1113 Πέρδιξ,
798 1058 966 1111 perdix,
996 1058 1176 1111 Anglz'ce*
1210 1072 1236 1097 a
1259 1056 1457 1109 pm‘tl'zge,
1493 1054 1741 1096 Germanice
1773 1066 1843 1105 cml

516 1132 589 1171 velt
613 1128 705 1182 obus
729 1132 814 1171 abet
837 1140 908 1178 emt
929 1128 1084 1181 mpbbu.

979 1233 1333 1279 ARISTOTELES
1352 1236 1374 1278 ’ἦ

620 1324 798 1371 Perdix
837 1323 939 1370 auis
977 1323 1042 1370 est
1077 1322 1387 1385 pulueratrix,
1418 1322 1463 1368 ἃ
1502 1338 1598 1368 000
1633 1320 1842 1375 31110013,

519 1404 565 1450 ἃ
602 1403 774 1449 eadem
815 1418 910 1448 non
951 1402 996 1447 in
1038 1401 1152 1447 nido
1192 1401 1272 1447 sed
1314 1400 1360 1446 in
1398 1400 1641 1446 condenso
1675 1399 1845 1445 frutice

348 1490 396 1536 [p.
422 1489 499 1534 113]
519 1493 600 1528 aut
627 1481 788 1543 segete
814 1479 999 1541 prolem
1022 1479 1151 1526 suam
1181 1479 1347 1525 munit.
1422 1478 1559 1524 Aues
1584 1479 1712 1525 enim
1738 1495 1844 1540 gra-

520 1560 677 1605 uiores
706 1557 844 1604 nidos
866 1557 947 1603 fibi
976 1574 1071 1603 non
1096 1556 1288 1610 faciunt,
1311 1566 1361 1601 ut
1380 1556 1652 1602 coturnices
1674 1555 1719 1601 &
1742 1572 1845 1616 per-

518 1637 663 1689 dices,
687 1635 733 1681 &
760 1634 956 1697 reliquae
981 1635 1176 1698 generis
1203 1634 1429 1680 eiusdem.
1495 1633 1687 1693 Quibus
1714 1633 1843 1679 enim

520 1713 714 1760 uolandi
762 1711 965 1759 facultas
1013 1712 1159 1767 deest,
1203 1712 1260 1773 ijs
1301 1711 1442 1757 nidus
1480 1727 1576 1756 000
1626 1710 1845 1772 prodest:

520 1792 599 1838 sed
640 1790 767 1837 facta
801 1791 848 1837 in
882 1790 1078 1852 aprico³,
1117 1807 1240 1841 area,
1280 1788 1413 1853 (alibi
1445 1790 1573 1835 enim
1614 1789 1843 1851 nusquam

520 1869 729 1931 pariunt)
767 1879 912 1930 atque
950 1869 1152 1914 materia
1186 1878 1237 1914 ut
1271 1868 1528 1929 uepribus⁴
1561 1868 1845 1929 quibusdam

520 1947 772 2010 congestis,
815 1947 978 2008 quoad
1015 1946 1298 2008 accipitrum
1338 1946 1382 1992 &
1420 1945 1689 2007 aquilarum
1728 1946 1846 1991 iniu-

521 2026 638 2071 riam
676 2025 893 2070 deuitare
921 2023 1104 2085 possint.
1182 2024 1294 2069 Oua
1327 2023 1489 2073 edunt.
1522 2023 1567 2069 ἃ
1601 2023 1844 2078 incubant,

521 2120 635 2149 mox
665 2106 774 2148 cum
816 2101 1117 2154 excluserint,
1157 2102 1378 2162 protinus
1416 2099 1572 2162 pullos
1614 2100 1843 2146 educunt.

520 2192 780 2243 propterea
813 2179 943 2241 quod
980 2191 1227 2240 nequeunt
1268 2178 1349 2224 suo
1389 2177 1552 2224 uolatu
1591 2179 1647 2240 ijs
1685 2178 1845 2224 cibum

521 2258 864 2304 administrare.
938 2256 1184 2302 Refouent
1222 2254 1378 2316 pullos
1405 2255 1512 2301 suos
1539 2255 1622 2301 sub
1650 2255 1706 2309 se,
1736 2255 1846 2317 ipsse

522 2335 745 2382 ducendo
773 2351 905 2381 more
936 2332 1239 2396 gallinarum,
1268 2332 1313 2378 Sc
1349 2333 1621 2379 coturnices
1659 2332 1704 2378 &
1741 2349 1848 2394 per-

523 2417 666 2462 dices.
740 2415 847 2460 Nec
887 2413 1061 2459 eodem
1102 2413 1207 2458 1000
1248 2411 1406 2472 parisit
1449 2410 1494 2456 ἃ
1538 2410 1746 2463 incubat,
1787 2426 1847 2456 ne

522 2493 630 2555 quis
669 2491 826 2538 locum
867 2491 1112 2551 percipiat,
1151 2488 1384 2551 longioris
1425 2487 1658 2548 temporis
1696 2503 1844 2532 mora.

595 2609 603 2629 ¹
633 2609 663 2640 A
683 2607 853 2651 misprint
873 2606 926 2639 for
946 2605 1146 2649 ‘spectari.>

594 2662 606 2682 '-'
632 2662 732 2695 Hist.
752 2661 828 2694 An.
851 2661 905 2694 Bk
926 2669 979 2693 lx.
1000 2661 1077 2701 260,
1101 2660 1243 2702 59—61.

594 2719 607 2737 ³²
633 2717 755 2749 There
775 2717 805 2749 15
823 2727 844 2749 3
863 2714 1018 2758 reading
1036 2714 1118 2760 λείῳ
1137 2713 1284 2747 besides
1304 2713 1395 2758 ἡλίῳ.

594 2772 606 2792 ⁴
633 2771 810 2804 Aristotle
840 2771 908 2803 has
938 2768 1093 2802 ἄκανθάν
1120 2783 1197 2801 τινα
1225 2768 1278 2800 καὶ
1306 2766 1403 2809 ὕλην,
1430 2778 1471 2800 SO
1498 2776 1545 2799 ΠΟ
1573 2766 1688 2800 doubt
1715 2767 1791 2800 ‘ut'
1818 2767 1848 2801 iS

525 2840 546 2862 a
573 2826 743 2870 misprint
770 2825 825 2859 for
851 2823 927 2859 ‘et.'
979 2825 1078 2858 Gaza
1106 2823 1172 2856 has
1200 2823 1280 2855 ‘ut.'
