1913 3214
440 130 468 172 6
778 129 832 174 E
821 129 1008 190 pz'stola
1044 130 1110 176 N
1107 132 1426 193 aucupatoria

440 258 699 306 senserunt.
778 260 860 307 Na
900 261 1216 309 Mithridates
1254 280 1339 309 rex
1381 262 1489 309 Poti
1521 261 1567 308 ἃ
1605 261 1774 324 Bithy-

441 347 531 411 nie‚
562 347 608 394 se
634 364 896 410 regnorum
924 348 1115 395 suorum
1142 361 1288 411 caput
1314 350 1407 396 esse
1442 348 1697 412 intelliges,
1726 360 1775 395 et

441 445 513 482 tot
560 436 858 497 corporibus,
908 447 1029 499 quot
1077 448 1283 499 preerat,
1331 437 1474 483 unica
1513 435 1775 483 uernacula

441 520 573 567 suam
632 520 800 584 lingua
865 522 1065 569 minime
1126 522 1354 578 sufficere,
1418 522 1590 586 uiginti
1653 522 1774 568 duas

440 606 631 670 linguas
666 608 867 670 getium,
898 626 1020 670 quas
1046 608 1130 655 sub
1168 609 1354 655 ditione
1381 609 1461 655 sua
1499 608 1682 663 habuit,
1710 608 1776 654 ita

440 695 658 757 perfecte
690 695 861 742 didicit
900 695 946 742 ἃ
980 696 1248 758 percalluit,
1288 709 1339 743 ut
1377 697 1549 759 uiginti
1587 696 1774 742 illarum

438 783 660 845 gentium
699 783 813 829 uiris
847 783 943 830 fine
971 783 1236 846 interprete
1262 785 1490 845 prompte
1516 781 1775 845 responde-

440 869 512 923 rit,
541 869 587 916 ἃ
613 869 695 916 sua
720 869 895 932 cuique
922 869 1090 933 lingua
1120 886 1218 916 non
1246 869 1380 916 secus
1406 882 1553 931 atque
1578 868 1776 933 gentilis

438 956 606 1009 fuisset,
636 955 825 1003 locutus
863 957 1019 1003 fuerit.
1099 957 1187 1003 Ide
1224 973 1385 1003 rerum
1419 956 1610 1003 abditas
1638 967 1775 1002 natu-

440 1059 518 1090 ras
545 1043 611 1090 ita
636 1042 996 1106 peruestigauit,
1022 1043 1067 1090 ἃ
1094 1044 1141 1089 in
1170 1061 1220 1090 re
1247 1043 1437 1090 medica
1462 1043 1528 1090 ita
1554 1042 1777 1090 foeliciter

442 1129 531 1176 fuit
570 1129 799 1184 uersatus,
839 1141 890 1175 ut
928 1129 1158 1176 aduersiJs
1195 1128 1392 1175 lethalia
1430 1146 1620 1176 uenena
1654 1129 1775 1176 anti-

440 1215 624 1271 dotum,
682 1215 814 1278 quod
866 1215 1012 1262 hodie
1061 1216 1328 1262 etiamnum
1383 1216 1444 1262 ab
1492 1234 1552 1263 eo
1595 1233 1774 1263 nomen

441 1301 673 1354 sortitum,
726 1301 1089 1348 Mithridatium
1144 1301 1430 1364 appellatur,
1481 1302 1563 1349 suo
1614 1304 1777 1350 Marte

442 1387 696 1434 inuenerit.
766 1387 1054 1434 Alexander
1079 1387 1157 1435 ille
1187 1389 1519 1435 Macedonum
1547 1406 1646 1445 rex,
1676 1400 1775 1435 tam

315 1484 363 1531 [p.
385 1484 421 1530 8]
441 1488 626 1522 naturae
685 1477 832 1538 quam
898 1476 1107 1523 fortunae
1167 1477 1364 1524 dotibus
1425 1477 1527 1524 iure
1589 1475 1774 1538 suspici-

439 1562 607 1616 endus,
662 1574 798 1609 tanto
847 1562 1086 1609 bonarum
1136 1564 1311 1610 artium
1362 1563 1408 1611 ἃ
1456 1563 1776 1626 philosophiae

438 1649 731 1711 potissimum
754 1649 910 1696 studio
935 1650 1173 1713 flagrauit,
1204 1663 1255 1698 ut
1281 1652 1379 1698 etia
1406 1652 1452 1697 in
1480 1651 1773 1713 zelotypiam

436 1737 684 1799 quandam
743 1735 1006 1783 literariam
1068 1737 1303 1784 inciderit.
1383 1739 1515 1784 Nam
1574 1738 1612 1784 is
1663 1741 1773 1784 esim

435 1839 633 1869 omnem
670 1825 824 1885 prope
862 1822 1027 1869 Asiam
1061 1824 1211 1869 armis
1242 1823 1287 1870 ἃ
1323 1825 1542 1871 exercitu
1568 1835 1771 1879 teneret,

437 1910 518 1956 ubi
554 1910 713 1972 primu
751 1909 1063 1956 Aristotelem
1103 1909 1251 1957 libros
1293 1910 1400 1957 suos
1434 1911 1496 1957 de
1532 1909 1773 1957 ausculta-

436 1996 571 2042 tione
629 1994 824 2057 phyfica
884 1994 1149 2058 inuulgasse
1205 2007 1473 2058 acceperat,
1527 1997 1574 2042 in
1624 1997 1772 2043 tantis

438 2081 657 2145 negocijs
706 2099 814 2128 cum
868 2081 1138 2136 Aristotele,
1193 2083 1325 2129 missa
1372 2082 1528 2129 statim
1575 2081 1775 2144 epistola

436 2167 498 2213 de
537 2167 682 2214 editis
720 2166 867 2222 libris,
910 2167 984 2213 his
1022 2167 1184 2214 uerbis
1219 2167 1584 2230 expostulabat:
1624 2168 1773 2228 Quod

437 2253 711 2316 disciplinas
749 2252 1107 2316 ἀκροαματικὰς
1146 2253 1347 2308 edidisti,
1390 2270 1487 2300 non
1537 2252 1669 2300 reete
1707 2254 1772 2300 fe-

436 2341 548 2389 cisti.
594 2359 705 2388 nam
743 2359 840 2404 qua
877 2341 969 2388 alia
1007 2358 1057 2388 re
1099 2342 1288 2388 caeteris
1330 2341 1556 2404 praestare
1594 2342 1772 2403 poteri-

437 2447 556 2485 mus,
586 2429 616 2476 fi
641 2447 711 2485 ea,
741 2447 851 2492 quae
877 2430 964 2475 abs
991 2441 1039 2476 te
1065 2429 1356 2490 accepimus,
1384 2429 1602 2476 omnium
1641 2445 1774 2490 pror—

436 2516 512 2562 sus
557 2516 734 2563 fuerint
777 2516 1091 2563 communia?
1165 2515 1364 2578 Quippe
1413 2533 1508 2579 ego
1550 2515 1774 2563 doclrina

436 2602 622 2648 anteire
649 2601 826 2657 malim,
850 2605 998 2665 quam
1020 2603 1172 2665 copijs
1193 2613 1288 2665 atq5
1308 2601 1585 2664 opulentijs.
1644 2602 1769 2649 Haec

437 2687 738 2734 Alexander.

544 2818 731 2865 Diuino
767 2820 1066 2881 approbatus
1104 2819 1300 2867 oraculo
1341 2837 1427 2867 rex
1468 2819 1545 2867 ille
1593 2821 1772 2876 Dauid,
