<?xml version="1.0" encoding="UTF-8"?>
<!DOCTYPE html PUBLIC "-//W3C//DTD XHTML 1.0 Transitional//EN"
    "http://www.w3.org/TR/xhtml1/DTD/xhtml1-transitional.dtd">
<html xmlns="http://www.w3.org/1999/xhtml" xml:lang="en" lang="en">
 <head>
  <title>
</title>
<meta http-equiv="Content-Type" content="text/html;charset=utf-8" />
  <meta name='ocr-system' content='tesseract 3.04.00' />
  <meta name='ocr-capabilities' content='ocr_page ocr_carea ocr_par ocr_line ocrx_word'/>
</head>
<body>
  <div class='ocr_page' id='page_1' title='image "./turneronbirdssho00turn_0110.png"; bbox 0 0 1913 3214; ppageno 0'>
   <div class='ocr_carea' id='block_1_1' title="bbox 192 615 426 846">
    <p class='ocr_par' dir='ltr' id='par_1_1' title="bbox 192 615 426 846">
     <span class='ocr_line' id='line_1_1' title="bbox 193 615 415 649; baseline -0.005 0"><span class='ocrx_word' id='word_1_1' title='bbox 193 615 323 649; x_wconf 87' lang='lat' dir='ltr'><strong>Gallus</strong></span> <span class='ocrx_word' id='word_1_2' title='bbox 341 626 415 649; x_wconf 91' lang='lat' dir='ltr'><strong>me-</strong></span> 
     </span>
     <span class='ocr_line' id='line_1_2' title="bbox 192 663 338 696; baseline -0.007 0"><span class='ocrx_word' id='word_1_3' title='bbox 192 663 297 696; x_wconf 87' lang='lat' dir='ltr'><strong>dicus</strong></span> <span class='ocrx_word' id='word_1_4' title='bbox 315 673 338 695; x_wconf 89' lang='lat' dir='ltr'><strong>a</strong></span> 
     </span>
     <span class='ocr_line' id='line_1_3' title="bbox 193 709 426 743; baseline 0 -1"><span class='ocrx_word' id='word_1_5' title='bbox 193 709 366 743; x_wconf 87' lang='lat' dir='ltr'><strong>bauncok</strong></span> <span class='ocrx_word' id='word_1_6' title='bbox 385 720 426 742; x_wconf 95' lang='lat' dir='ltr'><strong>or</strong></span> 
     </span>
     <span class='ocr_line' id='line_1_4' title="bbox 193 756 362 790; baseline -0.006 0"><span class='ocrx_word' id='word_1_7' title='bbox 193 767 215 790; x_wconf 90' lang='lat' dir='ltr'><strong>a</strong></span> <span class='ocrx_word' id='word_1_8' title='bbox 233 756 303 789; x_wconf 91' lang='lat' dir='ltr'><strong>cok</strong></span> <span class='ocrx_word' id='word_1_9' title='bbox 321 756 362 789; x_wconf 86' lang='lat' dir='ltr'><strong>of</strong></span> 
     </span>
     <span class='ocr_line' id='line_1_5' title="bbox 192 803 326 846; baseline 0 -10"><span class='ocrx_word' id='word_1_10' title='bbox 192 803 326 846; x_wconf 88' lang='lat' dir='ltr'><strong>kynde.</strong></span> 
     </span>
    </p>
   </div>
   <div class='ocr_carea' id='block_1_2' title="bbox 193 1101 413 1208">
    <p class='ocr_par' dir='ltr' id='par_1_2' title="bbox 193 1101 413 1208">
     <span class='ocr_line' id='line_1_6' title="bbox 193 1101 413 1135; baseline 0.005 -1"><span class='ocrx_word' id='word_1_11' title='bbox 193 1101 413 1135; x_wconf 81' lang='lat' dir='ltr'>Cohortalis.</span> 
     </span>
     <span class='ocr_line' id='line_1_7' title="bbox 194 1172 351 1208; baseline 0.006 -2"><span class='ocrx_word' id='word_1_12' title='bbox 194 1172 351 1208; x_wconf 86' lang='lat' dir='ltr'><strong>Rustica.</strong></span> 
     </span>
    </p>
   </div>
   <div class='ocr_carea' id='block_1_3' title="bbox 329 1334 458 1380">
    <p class='ocr_par' dir='ltr' id='par_1_3' title="bbox 329 1334 458 1380">
     <span class='ocr_line' id='line_1_8' title="bbox 329 1334 458 1380; baseline 0 0"><span class='ocrx_word' id='word_1_13' title='bbox 329 1334 378 1380; x_wconf 66' lang='grc' dir='ltr'><strong>[μ</strong></span> <span class='ocrx_word' id='word_1_14' title='bbox 398 1334 458 1380; x_wconf 81' lang='lat'><strong>69]</strong></span> 
     </span>
    </p>
   </div>
   <div class='ocr_carea' id='block_1_4' title="bbox 191 1478 380 1513">
    <p class='ocr_par' dir='ltr' id='par_1_4' title="bbox 191 1478 380 1513">
     <span class='ocr_line' id='line_1_9' title="bbox 191 1478 380 1513; baseline 0.005 -1"><span class='ocrx_word' id='word_1_15' title='bbox 191 1478 380 1513; x_wconf 82' lang='lat' dir='ltr'><strong>Africana.</strong></span> 
     </span>
    </p>
   </div>
   <div class='ocr_carea' id='block_1_5' title="bbox 191 1991 337 2027">
    <p class='ocr_par' dir='ltr' id='par_1_5' title="bbox 191 1991 337 2027">
     <span class='ocr_line' id='line_1_10' title="bbox 191 1991 337 2027; baseline -0.007 0"><span class='ocrx_word' id='word_1_16' title='bbox 191 1991 337 2027; x_wconf 82' lang='lat' dir='ltr'><strong>Africae.</strong></span> 
     </span>
    </p>
   </div>
   <div class='ocr_carea' id='block_1_6' title="bbox 329 2505 457 2551">
    <p class='ocr_par' dir='ltr' id='par_1_6' title="bbox 329 2505 457 2551">
     <span class='ocr_line' id='line_1_11' title="bbox 329 2505 457 2551; baseline 0.008 -1"><span class='ocrx_word' id='word_1_17' title='bbox 329 2505 377 2550; x_wconf 56' lang='grc' dir='ltr'><strong>[Ρ.</strong></span> <span class='ocrx_word' id='word_1_18' title='bbox 399 2505 457 2551; x_wconf 89' lang='lat'><strong>70]</strong></span> 
     </span>
    </p>
   </div>
   <div class='ocr_carea' id='block_1_7' title="bbox 477 167 1385 226">
    <p class='ocr_par' dir='ltr' id='par_1_7' title="bbox 477 167 1385 226">
     <span class='ocr_line' id='line_1_12' title="bbox 477 167 1385 226; baseline 0.001 -13"><span class='ocrx_word' id='word_1_19' title='bbox 477 169 539 226; x_wconf 86' lang='lat'><strong>84</strong></span> <span class='ocrx_word' id='word_1_20' title='bbox 907 167 1052 213; x_wconf 72' lang='lat' dir='ltr'><strong>Galli</strong></span> <span class='ocrx_word' id='word_1_21' title='bbox 1083 173 1129 214; x_wconf 75' lang='lat' dir='ltr'><strong>et</strong></span> <span class='ocrx_word' id='word_1_22' title='bbox 1169 167 1385 214; x_wconf 69' lang='lat' dir='ltr'><strong>Gallim</strong></span> 
     </span>
    </p>
   </div>
   <div class='ocr_carea' id='block_1_8' title="bbox 475 299 1809 875">
    <p class='ocr_par' dir='ltr' id='par_1_8' title="bbox 475 299 1809 875">
     <span class='ocr_line' id='line_1_13' title="bbox 475 299 1809 362; baseline -0.001 -16"><span class='ocrx_word' id='word_1_23' title='bbox 475 300 676 347; x_wconf 88' lang='lat' dir='ltr'><strong>cludunt</strong></span> <span class='ocrx_word' id='word_1_24' title='bbox 714 300 761 346; x_wconf 92' lang='lat' dir='ltr'><strong>in</strong></span> <span class='ocrx_word' id='word_1_25' title='bbox 796 299 955 346; x_wconf 89' lang='lat' dir='ltr'><strong>locum</strong></span> <span class='ocrx_word' id='word_1_26' title='bbox 994 300 1212 362; x_wconf 90' lang='lat' dir='ltr'><strong>tepidum</strong></span> <span class='ocrx_word' id='word_1_27' title='bbox 1248 300 1294 347; x_wconf 62' lang='grc' dir='ltr'>ἃ</span> <span class='ocrx_word' id='word_1_28' title='bbox 1320 299 1575 362; x_wconf 87' lang='lat' dir='ltr'><strong>angustum</strong></span> <span class='ocrx_word' id='word_1_29' title='bbox 1603 299 1649 346; x_wconf 64' lang='grc' dir='ltr'>ἃ</span> <span class='ocrx_word' id='word_1_30' title='bbox 1676 310 1809 345; x_wconf 89' lang='lat' dir='ltr'><strong>tene-</strong></span> 
     </span>
     <span class='ocr_line' id='line_1_14' title="bbox 476 374 1808 438; baseline -0.001 -17"><span class='ocrx_word' id='word_1_31' title='bbox 476 376 681 429; x_wconf 88' lang='lat' dir='ltr'><strong>brosum,</strong></span> <span class='ocrx_word' id='word_1_32' title='bbox 726 375 859 437; x_wconf 79' lang='lat' dir='ltr'><strong>quod</strong></span> <span class='ocrx_word' id='word_1_33' title='bbox 903 386 1065 422; x_wconf 90' lang='lat' dir='ltr'><strong>motus</strong></span> <span class='ocrx_word' id='word_1_34' title='bbox 1102 393 1269 422; x_wconf 92' lang='lat' dir='ltr'><strong>earum</strong></span> <span class='ocrx_word' id='word_1_35' title='bbox 1307 375 1353 422; x_wconf 65' lang='grc' dir='ltr'>ἃ</span> <span class='ocrx_word' id='word_1_36' title='bbox 1391 375 1473 421; x_wconf 83' lang='lat' dir='ltr'><strong>lux</strong></span> <span class='ocrx_word' id='word_1_37' title='bbox 1522 374 1808 438; x_wconf 79' lang='lat' dir='ltr'><strong>pinguedini</strong></span> 
     </span>
     <span class='ocr_line' id='line_1_15' title="bbox 476 449 1805 513; baseline -0.002 -16"><span class='ocrx_word' id='word_1_38' title='bbox 476 451 681 505; x_wconf 89' lang='lat' dir='ltr'><strong>inimica,</strong></span> <span class='ocrx_word' id='word_1_39' title='bbox 722 449 890 498; x_wconf 58' lang='lat' dir='ltr'><strong>electis</strong></span> <span class='ocrx_word' id='word_1_40' title='bbox 933 451 1003 497; x_wconf 89' lang='lat' dir='ltr'><strong>ad·</strong></span> <span class='ocrx_word' id='word_1_41' title='bbox 1034 450 1158 497; x_wconf 89' lang='lat' dir='ltr'><strong>hanc</strong></span> <span class='ocrx_word' id='word_1_42' title='bbox 1197 468 1299 497; x_wconf 93' lang='lat' dir='ltr'><strong>rem</strong></span> <span class='ocrx_word' id='word_1_43' title='bbox 1337 450 1562 496; x_wconf 84' lang='lat' dir='ltr'><strong>maximis</strong></span> <span class='ocrx_word' id='word_1_44' title='bbox 1599 449 1805 513; x_wconf 81' lang='lat' dir='ltr'><strong>gallinis,</strong></span> 
     </span>
     <span class='ocr_line' id='line_1_16' title="bbox 476 523 1807 588; baseline -0.002 -16"><span class='ocrx_word' id='word_1_45' title='bbox 476 543 564 573; x_wconf 89' lang='lat' dir='ltr'><strong>nec</strong></span> <span class='ocrx_word' id='word_1_46' title='bbox 602 526 832 572; x_wconf 80' lang='lat' dir='ltr'><strong>continuo</strong></span> <span class='ocrx_word' id='word_1_47' title='bbox 867 525 953 581; x_wconf 83' lang='lat' dir='ltr'><strong>his,</strong></span> <span class='ocrx_word' id='word_1_48' title='bbox 994 543 1115 588; x_wconf 89' lang='lat' dir='ltr'><strong>quas</strong></span> <span class='ocrx_word' id='word_1_49' title='bbox 1155 525 1361 572; x_wconf 87' lang='lat' dir='ltr'><strong>Melicas</strong></span> <span class='ocrx_word' id='word_1_50' title='bbox 1393 524 1641 587; x_wconf 87' lang='lat' dir='ltr'><strong>appellant</strong></span> <span class='ocrx_word' id='word_1_51' title='bbox 1680 523 1807 577; x_wconf 83' lang='lat' dir='ltr'><strong>salso,</strong></span> 
     </span>
     <span class='ocr_line' id='line_1_17' title="bbox 477 599 1809 664; baseline -0.002 -16"><span class='ocrx_word' id='word_1_52' title='bbox 477 602 610 664; x_wconf 82' lang='lat' dir='ltr'><strong>quod</strong></span> <span class='ocrx_word' id='word_1_53' title='bbox 647 601 832 663; x_wconf 78' lang='lat' dir='ltr'><strong>antiqui</strong></span> <span class='ocrx_word' id='word_1_54' title='bbox 870 611 923 647; x_wconf 88' lang='lat' dir='ltr'><strong>ut</strong></span> <span class='ocrx_word' id='word_1_55' title='bbox 949 600 1122 647; x_wconf 87' lang='lat' dir='ltr'><strong>thetim</strong></span> <span class='ocrx_word' id='word_1_56' title='bbox 1160 601 1329 647; x_wconf 90' lang='lat' dir='ltr'><strong>thelim</strong></span> <span class='ocrx_word' id='word_1_57' title='bbox 1367 600 1572 654; x_wconf 75' lang='lat' dir='ltr'><strong>dicebat,</strong></span> <span class='ocrx_word' id='word_1_58' title='bbox 1601 599 1660 646; x_wconf 88' lang='lat' dir='ltr'><strong>fic</strong></span> <span class='ocrx_word' id='word_1_59' title='bbox 1702 599 1809 645; x_wconf 83' lang='lat' dir='ltr'><strong>Me-</strong></span> 
     </span>
     <span class='ocr_line' id='line_1_18' title="bbox 477 674 1809 738; baseline -0.002 -15"><span class='ocrx_word' id='word_1_60' title='bbox 477 677 585 724; x_wconf 76' lang='lat' dir='ltr'><strong>dica</strong></span> <span class='ocrx_word' id='word_1_61' title='bbox 626 676 806 723; x_wconf 77' lang='lat' dir='ltr'><strong>Melica</strong></span> <span class='ocrx_word' id='word_1_62' title='bbox 840 677 1095 724; x_wconf 88' lang='lat' dir='ltr'><strong>uocabant.</strong></span> <span class='ocrx_word' id='word_1_63' title='bbox 1175 677 1272 723; x_wconf 82' lang='lat' dir='ltr'><strong>Hae</strong></span> <span class='ocrx_word' id='word_1_64' title='bbox 1315 677 1471 738; x_wconf 83' lang='lat' dir='ltr'><strong>primo</strong></span> <span class='ocrx_word' id='word_1_65' title='bbox 1512 675 1709 737; x_wconf 73' lang='lat' dir='ltr'><strong>Medice</strong></span> <span class='ocrx_word' id='word_1_66' title='bbox 1739 674 1809 720; x_wconf 92' lang='lat' dir='ltr'><strong>di-</strong></span> 
     </span>
     <span class='ocr_line' id='line_1_19' title="bbox 477 751 1808 814; baseline -0.002 -15"><span class='ocrx_word' id='word_1_67' title='bbox 477 753 721 807; x_wconf 88' lang='lat' dir='ltr'><strong>cebantur,</strong></span> <span class='ocrx_word' id='word_1_68' title='bbox 750 752 863 814; x_wconf 86' lang='lat' dir='ltr'><strong>quia</strong></span> <span class='ocrx_word' id='word_1_69' title='bbox 888 769 949 798; x_wconf 79' lang='lat' dir='ltr'><strong>ex</strong></span> <span class='ocrx_word' id='word_1_70' title='bbox 979 752 1149 798; x_wconf 86' lang='lat' dir='ltr'><strong>Media</strong></span> <span class='ocrx_word' id='word_1_71' title='bbox 1185 762 1384 814; x_wconf 89' lang='lat' dir='ltr'><strong>propter</strong></span> <span class='ocrx_word' id='word_1_72' title='bbox 1422 751 1808 814; x_wconf 77' lang='lat' dir='ltr'><strong>magnitudinem</strong></span> 
     </span>
     <span class='ocr_line' id='line_1_20' title="bbox 476 828 823 875; baseline -0.003 0"><span class='ocrx_word' id='word_1_73' title='bbox 476 840 614 875; x_wconf 86' lang='lat' dir='ltr'><strong>erant</strong></span> <span class='ocrx_word' id='word_1_74' title='bbox 651 828 823 875; x_wconf 82' lang='lat' dir='ltr'><strong>allatae.</strong></span> 
     </span>
    </p>
   </div>
   <div class='ocr_carea' id='block_1_9' title="bbox 966 927 1322 974">
    <p class='ocr_par' dir='ltr' id='par_1_9' title="bbox 966 927 1322 974">
     <span class='ocr_line' id='line_1_21' title="bbox 966 927 1322 974; baseline 0.003 -1"><span class='ocrx_word' id='word_1_75' title='bbox 966 927 1282 974; x_wconf 79' lang='lat' dir='ltr'>COLUMELLA</span> <span class='ocrx_word' id='word_1_76' title='bbox 1298 931 1322 974; x_wconf 88' lang='lat'><strong>¹.</strong></span> 
     </span>
    </p>
   </div>
   <div class='ocr_carea' id='block_1_10' title="bbox 475 1020 1852 1765">
    <p class='ocr_par' dir='ltr' id='par_1_10' title="bbox 475 1020 1852 1765">
     <span class='ocr_line' id='line_1_22' title="bbox 579 1020 1806 1086; baseline -0.002 -17"><span class='ocrx_word' id='word_1_77' title='bbox 579 1021 830 1070; x_wconf 71' lang='lat' dir='ltr'><strong>Gallinarsi</strong></span> <span class='ocrx_word' id='word_1_78' title='bbox 873 1022 965 1086; x_wconf 73' lang='lat' dir='ltr'><strong>alie</strong></span> <span class='ocrx_word' id='word_1_79' title='bbox 1007 1021 1114 1068; x_wconf 86' lang='lat' dir='ltr'><strong>sunt</strong></span> <span class='ocrx_word' id='word_1_80' title='bbox 1156 1021 1446 1075; x_wconf 77' lang='lat' dir='ltr'><strong>cohortales,</strong></span> <span class='ocrx_word' id='word_1_81' title='bbox 1487 1021 1578 1085; x_wconf 75' lang='lat' dir='ltr'><strong>alie</strong></span> <span class='ocrx_word' id='word_1_82' title='bbox 1622 1020 1806 1084; x_wconf 76' lang='lat' dir='ltr'><strong>rustice,</strong></span> 
     </span>
     <span class='ocr_line' id='line_1_23' title="bbox 477 1095 1808 1162; baseline -0.001 -19"><span class='ocrx_word' id='word_1_83' title='bbox 477 1097 568 1162; x_wconf 75' lang='lat' dir='ltr'><strong>alie</strong></span> <span class='ocrx_word' id='word_1_84' title='bbox 608 1097 852 1157; x_wconf 80' lang='lat' dir='ltr'><strong>Africane.</strong></span> <span class='ocrx_word' id='word_1_85' title='bbox 930 1096 1207 1144; x_wconf 82' lang='lat' dir='ltr'><strong>Cohortalis</strong></span> <span class='ocrx_word' id='word_1_86' title='bbox 1246 1096 1312 1143; x_wconf 87' lang='lat' dir='ltr'><strong>est</strong></span> <span class='ocrx_word' id='word_1_87' title='bbox 1355 1097 1472 1152; x_wconf 86' lang='lat' dir='ltr'><strong>auis,</strong></span> <span class='ocrx_word' id='word_1_88' title='bbox 1513 1114 1622 1159; x_wconf 76' lang='lat' dir='ltr'><strong>qua:</strong></span> <span class='ocrx_word' id='word_1_89' title='bbox 1660 1095 1808 1160; x_wconf 80' lang='lat' dir='ltr'><strong>uulgo</strong></span> 
     </span>
     <span class='ocr_line' id='line_1_24' title="bbox 476 1171 1804 1235; baseline -0.002 -16"><span class='ocrx_word' id='word_1_90' title='bbox 476 1190 564 1235; x_wconf 91' lang='lat' dir='ltr'><strong>per</strong></span> <span class='ocrx_word' id='word_1_91' title='bbox 616 1190 787 1219; x_wconf 88' lang='lat' dir='ltr'><strong>omnes</strong></span> <span class='ocrx_word' id='word_1_92' title='bbox 844 1173 944 1219; x_wconf 78' lang='lat' dir='ltr'><strong>fere</strong></span> <span class='ocrx_word' id='word_1_93' title='bbox 1009 1172 1146 1218; x_wconf 89' lang='lat' dir='ltr'><strong>uillas</strong></span> <span class='ocrx_word' id='word_1_94' title='bbox 1212 1172 1514 1234; x_wconf 87' lang='lat' dir='ltr'><strong>conspicitur.</strong></span> <span class='ocrx_word' id='word_1_95' title='bbox 1591 1171 1804 1225; x_wconf 88' lang='lat' dir='ltr'><strong>Rustica,</strong></span> 
     </span>
     <span class='ocr_line' id='line_1_25' title="bbox 476 1249 1809 1314; baseline -0.001 -17"><span class='ocrx_word' id='word_1_96' title='bbox 476 1269 585 1313; x_wconf 77' lang='lat' dir='ltr'><strong>quae</strong></span> <span class='ocrx_word' id='word_1_97' title='bbox 621 1268 717 1298; x_wconf 90' lang='lat' dir='ltr'><strong>non</strong></span> <span class='ocrx_word' id='word_1_98' title='bbox 755 1251 989 1297; x_wconf 83' lang='lat' dir='ltr'><strong>disfimilis</strong></span> <span class='ocrx_word' id='word_1_99' title='bbox 1023 1251 1245 1314; x_wconf 79' lang='lat' dir='ltr'><strong>uillatice‚</strong></span> <span class='ocrx_word' id='word_1_100' title='bbox 1285 1268 1372 1313; x_wconf 90' lang='lat' dir='ltr'><strong>per</strong></span> <span class='ocrx_word' id='word_1_101' title='bbox 1408 1268 1643 1312; x_wconf 86' lang='lat' dir='ltr'><strong>aucupem</strong></span> <span class='ocrx_word' id='word_1_102' title='bbox 1682 1249 1809 1296; x_wconf 87' lang='lat' dir='ltr'><strong>deci-</strong></span> 
     </span>
     <span class='ocr_line' id='line_1_26' title="bbox 477 1325 1808 1390; baseline -0.001 -18"><span class='ocrx_word' id='word_1_103' title='bbox 477 1327 618 1389; x_wconf 86' lang='lat' dir='ltr'><strong>pitur,</strong></span> <span class='ocrx_word' id='word_1_104' title='bbox 658 1326 761 1390; x_wconf 74' lang='lat' dir='ltr'><strong>eaq÷</strong></span> <span class='ocrx_word' id='word_1_105' title='bbox 797 1326 1004 1389; x_wconf 90' lang='lat' dir='ltr'><strong>plurima</strong></span> <span class='ocrx_word' id='word_1_106' title='bbox 1042 1326 1109 1373; x_wconf 88' lang='lat' dir='ltr'><strong>est</strong></span> <span class='ocrx_word' id='word_1_107' title='bbox 1147 1326 1193 1372; x_wconf 89' lang='lat' dir='ltr'><strong>in</strong></span> <span class='ocrx_word' id='word_1_108' title='bbox 1232 1325 1393 1379; x_wconf 90' lang='lat' dir='ltr'><strong>insula,</strong></span> <span class='ocrx_word' id='word_1_109' title='bbox 1432 1331 1529 1388; x_wconf 76' lang='lat' dir='ltr'><strong>qua</strong></span> <span class='ocrx_word' id='word_1_110' title='bbox 1564 1338 1724 1372; x_wconf 78' lang='lat' dir='ltr'><strong>nautae</strong></span> <span class='ocrx_word' id='word_1_111' title='bbox 1761 1325 1808 1370; x_wconf 89' lang='lat' dir='ltr'><strong>in</strong></span> 
     </span>
     <span class='ocr_line' id='line_1_27' title="bbox 481 1399 1852 1465; baseline 0 -19"><span class='ocrx_word' id='word_1_112' title='bbox 481 1401 726 1464; x_wconf 87' lang='lat' dir='ltr'><strong>Ligustico</strong></span> <span class='ocrx_word' id='word_1_113' title='bbox 778 1402 896 1447; x_wconf 92' lang='lat' dir='ltr'><strong>mari</strong></span> <span class='ocrx_word' id='word_1_114' title='bbox 939 1400 1086 1455; x_wconf 86' lang='lat' dir='ltr'><strong>fitam,</strong></span> <span class='ocrx_word' id='word_1_115' title='bbox 1132 1399 1371 1462; x_wconf 62' lang='lat' dir='ltr'><strong>producto</strong></span> <span class='ocrx_word' id='word_1_116' title='bbox 1421 1401 1618 1447; x_wconf 87' lang='lat' dir='ltr'><strong>nomine</strong></span> <span class='ocrx_word' id='word_1_117' title='bbox 1666 1399 1804 1454; x_wconf 77' lang='lat' dir='ltr'><strong>alitis,</strong></span> <span class='ocrx_word' id='word_1_118' title='bbox 1849 1463 1852 1465; x_wconf 16' lang='grc' dir='ltr'><strong><em>ι</em></strong></span> 
     </span>
     <span class='ocr_line' id='line_1_28' title="bbox 475 1476 1807 1540; baseline -0.001 -17"><span class='ocrx_word' id='word_1_119' title='bbox 475 1477 730 1540; x_wconf 75' lang='lat' dir='ltr'><strong>gallinaria</strong></span> <span class='ocrx_word' id='word_1_120' title='bbox 788 1478 1138 1524; x_wconf 85' lang='lat' dir='ltr'><strong>uocitauerunt.</strong></span> <span class='ocrx_word' id='word_1_121' title='bbox 1234 1476 1468 1522; x_wconf 78' lang='lat' dir='ltr'><strong>Africana</strong></span> <span class='ocrx_word' id='word_1_122' title='bbox 1527 1476 1606 1530; x_wconf 88' lang='lat' dir='ltr'><strong>est,</strong></span> <span class='ocrx_word' id='word_1_123' title='bbox 1661 1493 1807 1538; x_wconf 88' lang='lat' dir='ltr'><strong>quam</strong></span> 
     </span>
     <span class='ocr_line' id='line_1_29' title="bbox 476 1550 1806 1614; baseline -0.001 -16"><span class='ocrx_word' id='word_1_124' title='bbox 476 1551 696 1614; x_wconf 87' lang='lat' dir='ltr'><strong>plerique</strong></span> <span class='ocrx_word' id='word_1_125' title='bbox 738 1552 1054 1599; x_wconf 88' lang='lat' dir='ltr'><strong>Numidicam</strong></span> <span class='ocrx_word' id='word_1_126' title='bbox 1093 1552 1273 1606; x_wconf 87' lang='lat' dir='ltr'><strong>dicunt,</strong></span> <span class='ocrx_word' id='word_1_127' title='bbox 1309 1551 1592 1614; x_wconf 88' lang='lat' dir='ltr'><strong>meleagridi</strong></span> <span class='ocrx_word' id='word_1_128' title='bbox 1633 1550 1806 1604; x_wconf 84' lang='lat' dir='ltr'><strong>fimilis,</strong></span> 
     </span>
     <span class='ocr_line' id='line_1_30' title="bbox 477 1626 1803 1691; baseline -0.001 -18"><span class='ocrx_word' id='word_1_129' title='bbox 477 1626 558 1673; x_wconf 74' lang='lat' dir='ltr'><strong>nisi</strong></span> <span class='ocrx_word' id='word_1_130' title='bbox 585 1627 718 1689; x_wconf 82' lang='lat' dir='ltr'><strong>quod</strong></span> <span class='ocrx_word' id='word_1_131' title='bbox 744 1627 935 1674; x_wconf 90' lang='lat' dir='ltr'><strong>rutilam</strong></span> <span class='ocrx_word' id='word_1_132' title='bbox 962 1627 1167 1691; x_wconf 88' lang='lat' dir='ltr'><strong>galeam,</strong></span> <span class='ocrx_word' id='word_1_133' title='bbox 1196 1627 1241 1674; x_wconf 63' lang='grc' dir='ltr'>ἃ</span> <span class='ocrx_word' id='word_1_134' title='bbox 1268 1627 1454 1674; x_wconf 86' lang='lat' dir='ltr'><strong>cristam</strong></span> <span class='ocrx_word' id='word_1_135' title='bbox 1481 1627 1640 1689; x_wconf 89' lang='lat' dir='ltr'><strong>capite</strong></span> <span class='ocrx_word' id='word_1_136' title='bbox 1665 1626 1803 1690; x_wconf 87' lang='lat' dir='ltr'><strong>gerit,</strong></span> 
     </span>
     <span class='ocr_line' id='line_1_31' title="bbox 475 1701 1603 1765; baseline 0 -17"><span class='ocrx_word' id='word_1_137' title='bbox 475 1719 584 1764; x_wconf 82' lang='lat' dir='ltr'><strong>quae</strong></span> <span class='ocrx_word' id='word_1_138' title='bbox 611 1713 815 1764; x_wconf 87' lang='lat' dir='ltr'><strong>utraque</strong></span> <span class='ocrx_word' id='word_1_139' title='bbox 841 1702 888 1748; x_wconf 89' lang='lat' dir='ltr'><strong>in</strong></span> <span class='ocrx_word' id='word_1_140' title='bbox 919 1701 1224 1765; x_wconf 48' lang='lat' dir='ltr'><strong>Ixfleleagride</strong></span> <span class='ocrx_word' id='word_1_141' title='bbox 1250 1702 1356 1748; x_wconf 90' lang='lat' dir='ltr'><strong>sunt</strong></span> <span class='ocrx_word' id='word_1_142' title='bbox 1381 1701 1603 1748; x_wconf 86' lang='lat' dir='ltr'><strong>coerulea.</strong></span> 
     </span>
    </p>
   </div>
   <div class='ocr_carea' id='block_1_11' title="bbox 983 1816 1234 1863">
    <p class='ocr_par' dir='ltr' id='par_1_11' title="bbox 983 1816 1234 1863">
     <span class='ocr_line' id='line_1_32' title="bbox 983 1816 1234 1863; baseline 0.008 -2"><span class='ocrx_word' id='word_1_143' title='bbox 983 1816 1193 1863; x_wconf 77' lang='lat' dir='ltr'>PLINJUS</span> <span class='ocrx_word' id='word_1_144' title='bbox 1211 1820 1234 1863; x_wconf 76' lang='lat'><strong>².</strong></span> 
     </span>
    </p>
   </div>
   <div class='ocr_carea' id='block_1_12' title="bbox 474 1909 1809 2334">
    <p class='ocr_par' dir='ltr' id='par_1_12' title="bbox 474 1909 1809 2334">
     <span class='ocr_line' id='line_1_33' title="bbox 579 1909 1807 1974; baseline 0.002 -19"><span class='ocrx_word' id='word_1_145' title='bbox 579 1909 735 1956; x_wconf 81' lang='lat' dir='ltr'><strong>Simili</strong></span> <span class='ocrx_word' id='word_1_146' title='bbox 776 1911 923 1958; x_wconf 90' lang='lat' dir='ltr'><strong>modo</strong></span> <span class='ocrx_word' id='word_1_147' title='bbox 966 1923 1188 1974; x_wconf 88' lang='lat' dir='ltr'><strong>pugnant</strong></span> <span class='ocrx_word' id='word_1_148' title='bbox 1230 1911 1562 1974; x_wconf 86' lang='lat' dir='ltr'><strong>Meleagrides</strong></span> <span class='ocrx_word' id='word_1_149' title='bbox 1606 1911 1652 1957; x_wconf 91' lang='lat' dir='ltr'><strong>in</strong></span> <span class='ocrx_word' id='word_1_150' title='bbox 1698 1911 1807 1957; x_wconf 89' lang='lat' dir='ltr'><strong>Boe-</strong></span> 
     </span>
     <span class='ocr_line' id='line_1_34' title="bbox 476 1985 1807 2050; baseline 0.002 -20"><span class='ocrx_word' id='word_1_151' title='bbox 476 1985 586 2031; x_wconf 90' lang='lat' dir='ltr'><strong>otia.</strong></span> <span class='ocrx_word' id='word_1_152' title='bbox 662 1985 854 2040; x_wconf 78' lang='lat' dir='ltr'><strong>Africae,</strong></span> <span class='ocrx_word' id='word_1_153' title='bbox 885 1986 976 2033; x_wconf 87' lang='lat' dir='ltr'><strong>hoc</strong></span> <span class='ocrx_word' id='word_1_154' title='bbox 1014 1986 1081 2033; x_wconf 90' lang='lat' dir='ltr'><strong>est</strong></span> <span class='ocrx_word' id='word_1_155' title='bbox 1118 1985 1406 2049; x_wconf 89' lang='lat' dir='ltr'><strong>gallinarum</strong></span> <span class='ocrx_word' id='word_1_156' title='bbox 1443 2004 1600 2049; x_wconf 86' lang='lat' dir='ltr'><strong>genus</strong></span> <span class='ocrx_word' id='word_1_157' title='bbox 1637 1986 1807 2050; x_wconf 89' lang='lat' dir='ltr'><strong>gibbe-</strong></span> 
     </span>
     <span class='ocr_line' id='line_1_35' title="bbox 476 2060 1807 2126; baseline 0.002 -20"><span class='ocrx_word' id='word_1_158' title='bbox 476 2077 594 2113; x_wconf 89' lang='lat' dir='ltr'><strong>rum‚</strong></span> <span class='ocrx_word' id='word_1_159' title='bbox 624 2061 771 2123; x_wconf 88' lang='lat' dir='ltr'><strong>uarijs</strong></span> <span class='ocrx_word' id='word_1_160' title='bbox 808 2060 1017 2122; x_wconf 87' lang='lat' dir='ltr'><strong>sparsum</strong></span> <span class='ocrx_word' id='word_1_161' title='bbox 1056 2060 1244 2123; x_wconf 76' lang='lat' dir='ltr'><strong>plumis,</strong></span> <span class='ocrx_word' id='word_1_162' title='bbox 1286 2079 1381 2126; x_wconf 74' lang='lat' dir='ltr'><strong>que</strong></span> <span class='ocrx_word' id='word_1_163' title='bbox 1417 2062 1666 2126; x_wconf 75' lang='lat' dir='ltr'><strong>nouisfime</strong></span> <span class='ocrx_word' id='word_1_164' title='bbox 1701 2062 1807 2109; x_wconf 89' lang='lat' dir='ltr'><strong>sunt</strong></span> 
     </span>
     <span class='ocr_line' id='line_1_36' title="bbox 474 2136 1809 2200; baseline 0.002 -19"><span class='ocrx_word' id='word_1_165' title='bbox 474 2136 840 2198; x_wconf 88' lang='lat' dir='ltr'><strong>peregrinarum</strong></span> <span class='ocrx_word' id='word_1_166' title='bbox 867 2136 1031 2183; x_wconf 89' lang='lat' dir='ltr'><strong>auium</strong></span> <span class='ocrx_word' id='word_1_167' title='bbox 1067 2137 1113 2183; x_wconf 90' lang='lat' dir='ltr'><strong>in</strong></span> <span class='ocrx_word' id='word_1_168' title='bbox 1152 2137 1324 2184; x_wconf 75' lang='lat' dir='ltr'><strong>mensis</strong></span> <span class='ocrx_word' id='word_1_169' title='bbox 1359 2150 1579 2200; x_wconf 74' lang='lat' dir='ltr'><strong>receptae‚</strong></span> <span class='ocrx_word' id='word_1_170' title='bbox 1610 2150 1809 2200; x_wconf 87' lang='lat' dir='ltr'><strong>propter</strong></span> 
     </span>
     <span class='ocr_line' id='line_1_37' title="bbox 476 2211 1807 2276; baseline 0.002 -20"><span class='ocrx_word' id='word_1_171' title='bbox 476 2211 719 2273; x_wconf 85' lang='lat' dir='ltr'><strong>ingratum</strong></span> <span class='ocrx_word' id='word_1_172' title='bbox 763 2211 924 2258; x_wconf 88' lang='lat' dir='ltr'><strong>uirus:</strong></span> <span class='ocrx_word' id='word_1_173' title='bbox 973 2215 1143 2258; x_wconf 65' lang='lat' dir='ltr'><strong>uertim</strong></span> <span class='ocrx_word' id='word_1_174' title='bbox 1190 2212 1430 2276; x_wconf 88' lang='lat' dir='ltr'><strong>Meleagri</strong></span> <span class='ocrx_word' id='word_1_175' title='bbox 1468 2212 1682 2259; x_wconf 87' lang='lat' dir='ltr'><strong>tumulus</strong></span> <span class='ocrx_word' id='word_1_176' title='bbox 1721 2230 1807 2259; x_wconf 92' lang='lat' dir='ltr'><strong>no-</strong></span> 
     </span>
     <span class='ocr_line' id='line_1_38' title="bbox 474 2285 876 2334; baseline 0.002 -2"><span class='ocrx_word' id='word_1_177' title='bbox 474 2285 595 2332; x_wconf 89' lang='lat' dir='ltr'><strong>biles</strong></span> <span class='ocrx_word' id='word_1_178' title='bbox 633 2303 715 2333; x_wconf 88' lang='lat' dir='ltr'><strong>eas</strong></span> <span class='ocrx_word' id='word_1_179' title='bbox 753 2286 876 2334; x_wconf 91' lang='lat' dir='ltr'><strong>fecit.</strong></span> 
     </span>
    </p>
   </div>
   <div class='ocr_carea' id='block_1_13' title="bbox 952 2387 1347 2434">
    <p class='ocr_par' dir='ltr' id='par_1_13' title="bbox 952 2387 1347 2434">
     <span class='ocr_line' id='line_1_39' title="bbox 952 2387 1347 2434; baseline 0.003 -1"><span class='ocrx_word' id='word_1_180' title='bbox 952 2387 1305 2434; x_wconf 78' lang='lat' dir='ltr'>ARISTOTELES</span> <span class='ocrx_word' id='word_1_181' title='bbox 1323 2391 1347 2434; x_wconf 79' lang='lat'><strong>³.</strong></span> 
     </span>
    </p>
   </div>
   <div class='ocr_carea' id='block_1_14' title="bbox 475 2483 1807 2695">
    <p class='ocr_par' dir='ltr' id='par_1_14' title="bbox 475 2483 1807 2695">
     <span class='ocr_line' id='line_1_40' title="bbox 582 2483 1803 2545; baseline 0.001 -16"><span class='ocrx_word' id='word_1_182' title='bbox 582 2483 705 2529; x_wconf 89' lang='lat' dir='ltr'><strong>Item</strong></span> <span class='ocrx_word' id='word_1_183' title='bbox 749 2483 1018 2530; x_wconf 78' lang='lat' dir='ltr'><strong>Hadrianae</strong></span> <span class='ocrx_word' id='word_1_184' title='bbox 1051 2500 1203 2545; x_wconf 90' lang='lat' dir='ltr'><strong>paruo</strong></span> <span class='ocrx_word' id='word_1_185' title='bbox 1228 2483 1425 2545; x_wconf 88' lang='lat' dir='ltr'><strong>quidem</strong></span> <span class='ocrx_word' id='word_1_186' title='bbox 1454 2483 1559 2529; x_wconf 87' lang='lat' dir='ltr'><strong>sunt</strong></span> <span class='ocrx_word' id='word_1_187' title='bbox 1587 2500 1803 2545; x_wconf 89' lang='lat' dir='ltr'><strong>corpore,</strong></span> 
     </span>
     <span class='ocr_line' id='line_1_41' title="bbox 476 2558 1807 2621; baseline 0 -17"><span class='ocrx_word' id='word_1_188' title='bbox 476 2558 556 2604; x_wconf 90' lang='lat' dir='ltr'><strong>sed</strong></span> <span class='ocrx_word' id='word_1_189' title='bbox 582 2559 801 2620; x_wconf 83' lang='lat' dir='ltr'><strong>quotidie</strong></span> <span class='ocrx_word' id='word_1_190' title='bbox 835 2559 1041 2620; x_wconf 87' lang='lat' dir='ltr'><strong>pariunt.</strong></span> <span class='ocrx_word' id='word_1_191' title='bbox 1119 2559 1383 2605; x_wconf 86' lang='lat' dir='ltr'><strong>Ferociunt</strong></span> <span class='ocrx_word' id='word_1_192' title='bbox 1421 2570 1584 2605; x_wconf 89' lang='lat' dir='ltr'><strong>tamen</strong></span> <span class='ocrx_word' id='word_1_193' title='bbox 1622 2558 1668 2605; x_wconf 64' lang='grc' dir='ltr'>ἃ</span> <span class='ocrx_word' id='word_1_194' title='bbox 1705 2558 1807 2621; x_wconf 90' lang='lat' dir='ltr'><strong>pul-</strong></span> 
     </span>
     <span class='ocr_line' id='line_1_42' title="bbox 475 2631 1807 2695; baseline 0.002 -16"><span class='ocrx_word' id='word_1_195' title='bbox 475 2631 547 2679; x_wconf 89' lang='lat' dir='ltr'><strong>los</strong></span> <span class='ocrx_word' id='word_1_196' title='bbox 585 2633 710 2695; x_wconf 74' lang='lat' dir='ltr'><strong>saepe</strong></span> <span class='ocrx_word' id='word_1_197' title='bbox 760 2634 1019 2680; x_wconf 73' lang='lat' dir='ltr'><strong>interimut.</strong></span> <span class='ocrx_word' id='word_1_198' title='bbox 1097 2633 1246 2681; x_wconf 87' lang='lat' dir='ltr'><strong>Color</strong></span> <span class='ocrx_word' id='word_1_199' title='bbox 1295 2634 1369 2680; x_wconf 88' lang='lat' dir='ltr'><strong>his</strong></span> <span class='ocrx_word' id='word_1_200' title='bbox 1418 2635 1590 2680; x_wconf 89' lang='lat' dir='ltr'><strong>uarius.</strong></span> <span class='ocrx_word' id='word_1_201' title='bbox 1668 2634 1807 2681; x_wconf 71' lang='grc' dir='ltr'><strong>Ουεῑ4</strong></span> 
     </span>
    </p>
   </div>
   <div class='ocr_carea' id='block_1_15' title="bbox 801 2733 1484 2917">
    <p class='ocr_par' dir='ltr' id='par_1_15' title="bbox 801 2733 1484 2825">
     <span class='ocr_line' id='line_1_43' title="bbox 804 2733 1484 2778; baseline 0.001 -12"><span class='ocrx_word' id='word_1_202' title='bbox 804 2733 814 2753; x_wconf 83' lang='lat'>¹</span> <span class='ocrx_word' id='word_1_203' title='bbox 842 2734 899 2766; x_wconf 82' lang='lat' dir='ltr'><strong>De</strong></span> <span class='ocrx_word' id='word_1_204' title='bbox 917 2745 956 2767; x_wconf 77' lang='lat' dir='ltr'><strong>re</strong></span> <span class='ocrx_word' id='word_1_205' title='bbox 974 2735 1125 2775; x_wconf 76' lang='lat' dir='ltr'><strong>rustica,</strong></span> <span class='ocrx_word' id='word_1_206' title='bbox 1147 2733 1224 2767; x_wconf 89' lang='lat' dir='ltr'><strong>Lib.</strong></span> <span class='ocrx_word' id='word_1_207' title='bbox 1245 2742 1331 2767; x_wconf 80' lang='lat' dir='ltr'>VIII.</span> <span class='ocrx_word' id='word_1_208' title='bbox 1352 2744 1430 2778; x_wconf 88' lang='lat' dir='ltr'><strong>cap.</strong></span> <span class='ocrx_word' id='word_1_209' title='bbox 1452 2734 1484 2767; x_wconf 82' lang='lat' dir='ltr'><strong>ii.</strong></span> 
     </span>
     <span class='ocr_line' id='line_1_44' title="bbox 801 2779 1425 2825; baseline 0.002 -12"><span class='ocrx_word' id='word_1_210' title='bbox 801 2779 815 2800; x_wconf 75' lang='lat'><strong>&#39;2</strong></span> <span class='ocrx_word' id='word_1_211' title='bbox 841 2781 943 2814; x_wconf 75' lang='lat' dir='ltr'><em>Hsst.</em></span> <span class='ocrx_word' id='word_1_212' title='bbox 964 2780 1053 2814; x_wconf 79' lang='lat' dir='ltr'><strong>Nat.</strong></span> <span class='ocrx_word' id='word_1_213' title='bbox 1076 2781 1154 2814; x_wconf 84' lang='lat' dir='ltr'><strong>Lib.</strong></span> <span class='ocrx_word' id='word_1_214' title='bbox 1175 2789 1211 2814; x_wconf 89' lang='grc' dir='ltr'><strong>Χ.</strong></span> <span class='ocrx_word' id='word_1_215' title='bbox 1235 2791 1313 2825; x_wconf 84' lang='lat' dir='ltr'><strong>cap.</strong></span> <span class='ocrx_word' id='word_1_216' title='bbox 1333 2782 1425 2814; x_wconf 83' lang='lat' dir='ltr'><strong>xxvi.</strong></span> 
     </span>
    </p>

    <p class='ocr_par' dir='ltr' id='par_1_16' title="bbox 802 2827 1235 2860">
     <span class='ocr_line' id='line_1_45' title="bbox 802 2827 1235 2860; baseline 0.002 -1"><span class='ocrx_word' id='word_1_217' title='bbox 802 2827 815 2847; x_wconf 76' lang='lat'>3</span> <span class='ocrx_word' id='word_1_218' title='bbox 843 2828 941 2860; x_wconf 73' lang='lat' dir='ltr'><strong>Hist.</strong></span> <span class='ocrx_word' id='word_1_219' title='bbox 961 2827 1037 2860; x_wconf 80' lang='lat' dir='ltr'><strong>An.</strong></span> <span class='ocrx_word' id='word_1_220' title='bbox 1060 2828 1116 2860; x_wconf 80' lang='lat' dir='ltr'><strong>Bk</strong></span> <span class='ocrx_word' id='word_1_221' title='bbox 1135 2836 1185 2860; x_wconf 75' lang='lat' dir='ltr'><strong>VI.</strong></span> <span class='ocrx_word' id='word_1_222' title='bbox 1212 2838 1235 2860; x_wconf 89' lang='lat'><strong>1.</strong></span> 
     </span>
    </p>

    <p class='ocr_par' dir='ltr' id='par_1_17' title="bbox 803 2873 1234 2917">
     <span class='ocr_line' id='line_1_46' title="bbox 803 2873 1234 2917; baseline 0 -11"><span class='ocrx_word' id='word_1_223' title='bbox 803 2873 816 2894; x_wconf 76' lang='lat'>⁴</span> <span class='ocrx_word' id='word_1_224' title='bbox 841 2874 940 2907; x_wconf 79' lang='lat' dir='ltr'><strong>Hz&#39;st.</strong></span> <span class='ocrx_word' id='word_1_225' title='bbox 962 2875 1036 2907; x_wconf 80' lang='lat' dir='ltr'><strong>An.</strong></span> <span class='ocrx_word' id='word_1_226' title='bbox 1060 2874 1116 2907; x_wconf 85' lang='lat' dir='ltr'><strong>Bk</strong></span> <span class='ocrx_word' id='word_1_227' title='bbox 1134 2882 1183 2907; x_wconf 74' lang='lat' dir='ltr'><strong>vr.</strong></span> <span class='ocrx_word' id='word_1_228' title='bbox 1207 2882 1234 2917; x_wconf 85' lang='lat'><strong>5.</strong></span> 
     </span>
    </p>
   </div>
  </div>
 </body>
</html>
