<?xml version="1.0" encoding="UTF-8"?>
<!DOCTYPE html PUBLIC "-//W3C//DTD XHTML 1.0 Transitional//EN"
    "http://www.w3.org/TR/xhtml1/DTD/xhtml1-transitional.dtd">
<html xmlns="http://www.w3.org/1999/xhtml" xml:lang="en" lang="en">
 <head>
  <title>
</title>
<meta http-equiv="Content-Type" content="text/html;charset=utf-8" />
  <meta name='ocr-system' content='tesseract 3.04.00' />
  <meta name='ocr-capabilities' content='ocr_page ocr_carea ocr_par ocr_line ocrx_word'/>
</head>
<body>
  <div class='ocr_page' id='page_1' title='image "./turneronbirdssho00turn_0106.png"; bbox 0 0 1913 3214; ppageno 0'>
   <div class='ocr_carea' id='block_1_1' title="bbox 376 284 505 332">
    <p class='ocr_par' dir='ltr' id='par_1_1' title="bbox 376 284 505 332">
     <span class='ocr_line' id='line_1_1' title="bbox 376 284 505 332; baseline -0.016 0"><span class='ocrx_word' id='word_1_1' title='bbox 376 285 425 332; x_wconf 82' lang='lat' dir='ltr'><em>[p.</em></span> <span class='ocrx_word' id='word_1_2' title='bbox 445 284 505 331; x_wconf 85' lang='lat'><em>65]</em></span> 
     </span>
    </p>
   </div>
   <div class='ocr_carea' id='block_1_2' title="bbox 238 1791 402 1825">
    <p class='ocr_par' dir='ltr' id='par_1_2' title="bbox 238 1791 402 1825">
     <span class='ocr_line' id='line_1_2' title="bbox 238 1791 402 1825; baseline 0 -1"><span class='ocrx_word' id='word_1_3' title='bbox 238 1802 259 1824; x_wconf 84' lang='lat' dir='ltr'><em>a</em></span> <span class='ocrx_word' id='word_1_4' title='bbox 277 1791 402 1825; x_wconf 84' lang='lat' dir='ltr'><em>uuilde</em></span> 
     </span>
    </p>
   </div>
   <div class='ocr_carea' id='block_1_3' title="bbox 236 1838 500 1919">
    <p class='ocr_par' dir='ltr' id='par_1_3' title="bbox 236 1838 500 1919">
     <span class='ocr_line' id='line_1_3' title="bbox 237 1838 500 1872; baseline 0.004 -1"><span class='ocrx_word' id='word_1_5' title='bbox 237 1839 309 1872; x_wconf 84' lang='lat' dir='ltr'><em>lere</em></span> <span class='ocrx_word' id='word_1_6' title='bbox 323 1850 363 1872; x_wconf 87' lang='lat' dir='ltr'><em>or</em></span> <span class='ocrx_word' id='word_1_7' title='bbox 375 1850 397 1872; x_wconf 86' lang='lat' dir='ltr'><em>a</em></span> <span class='ocrx_word' id='word_1_8' title='bbox 411 1838 500 1872; x_wconf 87' lang='lat' dir='ltr'><em>heth</em></span> 
     </span>
     <span class='ocr_line' id='line_1_4' title="bbox 236 1885 324 1919; baseline 0 -1"><span class='ocrx_word' id='word_1_9' title='bbox 236 1885 324 1919; x_wconf 85' lang='lat' dir='ltr'><em>lerk.</em></span> 
     </span>
    </p>
   </div>
   <div class='ocr_carea' id='block_1_4' title="bbox 372 1946 500 1993">
    <p class='ocr_par' dir='ltr' id='par_1_4' title="bbox 372 1946 500 1993">
     <span class='ocr_line' id='line_1_5' title="bbox 372 1946 500 1993; baseline 0 0"><span class='ocrx_word' id='word_1_10' title='bbox 372 1947 421 1993; x_wconf 79' lang='lat' dir='ltr'><em>[p-</em></span> <span class='ocrx_word' id='word_1_11' title='bbox 441 1946 500 1993; x_wconf 81' lang='lat'><em>66]</em></span> 
     </span>
    </p>
   </div>
   <div class='ocr_carea' id='block_1_5' title="bbox 238 2157 490 2192">
    <p class='ocr_par' dir='ltr' id='par_1_5' title="bbox 238 2157 490 2192">
     <span class='ocr_line' id='line_1_6' title="bbox 238 2157 490 2192; baseline 0 -1"><span class='ocrx_word' id='word_1_12' title='bbox 238 2169 259 2191; x_wconf 84' lang='lat' dir='ltr'><em>a</em></span> <span class='ocrx_word' id='word_1_13' title='bbox 277 2157 490 2192; x_wconf 85' lang='lat' dir='ltr'><em>uuodlerck.</em></span> 
     </span>
    </p>
   </div>
   <div class='ocr_carea' id='block_1_6' title="bbox 527 140 1306 187">
    <p class='ocr_par' dir='ltr' id='par_1_6' title="bbox 527 140 1306 187">
     <span class='ocr_line' id='line_1_7' title="bbox 527 140 1306 187; baseline 0 -1"><span class='ocrx_word' id='word_1_14' title='bbox 527 142 590 187; x_wconf 84' lang='lat'><em>80</em></span> <span class='ocrx_word' id='word_1_15' title='bbox 1077 140 1306 186; x_wconf 82' lang='lat' dir='ltr'><em>Galerita</em></span> 
     </span>
    </p>
   </div>
   <div class='ocr_carea' id='block_1_7' title="bbox 953 272 1432 314">
    <p class='ocr_par' dir='ltr' id='par_1_7' title="bbox 953 272 1432 314">
     <span class='ocr_line' id='line_1_8' title="bbox 953 272 1432 314; baseline 0 -1"><span class='ocrx_word' id='word_1_16' title='bbox 953 273 1045 313; x_wconf 82' lang='lat' dir='ltr'><em>DE</em></span> <span class='ocrx_word' id='word_1_17' title='bbox 1090 272 1432 314; x_wconf 78' lang='lat' dir='ltr'><em>GALERJTA.</em></span> 
     </span>
    </p>
   </div>
   <div class='ocr_carea' id='block_1_8' title="bbox 522 373 1854 722">
    <p class='ocr_par' dir='ltr' id='par_1_8' title="bbox 522 373 1854 722">
     <span class='ocr_line' id='line_1_9' title="bbox 612 373 1854 429; baseline 0 -13"><span class='ocrx_word' id='word_1_18' title='bbox 612 374 815 429; x_wconf 80' lang='grc' dir='ltr'>Κόρυδος,</span> <span class='ocrx_word' id='word_1_19' title='bbox 846 373 872 427; x_wconf 87' lang='grc' dir='ltr'>ἢ</span> <span class='ocrx_word' id='word_1_20' title='bbox 904 373 1155 428; x_wconf 80' lang='grc' dir='ltr'>κορυδαλός,</span> <span class='ocrx_word' id='word_1_21' title='bbox 1188 375 1303 427; x_wconf 82' lang='lat' dir='ltr'><em>Aug.</em></span> <span class='ocrx_word' id='word_1_22' title='bbox 1334 389 1361 414; x_wconf 96' lang='lat' dir='ltr'><em>a</em></span> <span class='ocrx_word' id='word_1_23' title='bbox 1397 374 1488 414; x_wconf 77' lang='lat' dir='ltr'><em>lerk</em></span> <span class='ocrx_word' id='word_1_24' title='bbox 1518 389 1567 414; x_wconf 91' lang='lat' dir='ltr'><em>or</em></span> <span class='ocrx_word' id='word_1_25' title='bbox 1595 389 1620 414; x_wconf 87' lang='lat' dir='ltr'><em>a</em></span> <span class='ocrx_word' id='word_1_26' title='bbox 1651 376 1854 425; x_wconf 79' lang='lat' dir='ltr'><em>lauerock,</em></span> 
     </span>
     <span class='ocr_line' id='line_1_10' title="bbox 529 449 1853 502; baseline 0.001 -12"><span class='ocrx_word' id='word_1_27' title='bbox 529 450 695 490; x_wconf 74' lang='lat' dir='ltr'><em>Germa</em></span> <span class='ocrx_word' id='word_1_28' title='bbox 720 462 790 502; x_wconf 69' lang='lat' dir='ltr'><em>cml</em></span> <span class='ocrx_word' id='word_1_29' title='bbox 816 451 914 501; x_wconf 65' lang='lat' dir='ltr'><em>[ereb.</em></span> <span class='ocrx_word' id='word_1_30' title='bbox 974 450 1152 489; x_wconf 76' lang='lat' dir='ltr'><em>Plinius</em></span> <span class='ocrx_word' id='word_1_31' title='bbox 1181 449 1399 489; x_wconf 82' lang='lat' dir='ltr'><em>naturalis</em></span> <span class='ocrx_word' id='word_1_32' title='bbox 1426 449 1610 502; x_wconf 75' lang='lat' dir='ltr'><em>lzistorioe</em></span> <span class='ocrx_word' id='word_1_33' title='bbox 1637 451 1853 491; x_wconf 86' lang='lat' dir='ltr'><em>undecimo</em></span> 
     </span>
     <span class='ocr_line' id='line_1_11' title="bbox 524 523 1854 577; baseline 0 -14"><span class='ocrx_word' id='word_1_34' title='bbox 524 525 641 573; x_wconf 83' lang='lat' dir='ltr'><em>libro,</em></span> <span class='ocrx_word' id='word_1_35' title='bbox 667 523 903 577; x_wconf 83' lang='lat' dir='ltr'><em>galeritam</em></span> <span class='ocrx_word' id='word_1_36' title='bbox 940 523 1102 563; x_wconf 84' lang='lat' dir='ltr'><em>Gallico</em></span> <span class='ocrx_word' id='word_1_37' title='bbox 1139 523 1348 571; x_wconf 84' lang='lat' dir='ltr'><em>uocabulo,</em></span> <span class='ocrx_word' id='word_1_38' title='bbox 1370 523 1508 576; x_wconf 88' lang='lat' dir='ltr'><em>postea</em></span> <span class='ocrx_word' id='word_1_39' title='bbox 1544 523 1750 563; x_wconf 78' lang='lat' dir='ltr'><em>alaudam</em></span> <span class='ocrx_word' id='word_1_40' title='bbox 1781 525 1854 576; x_wconf 76' lang='lat' dir='ltr'><em>esse</em></span> 
     </span>
     <span class='ocr_line' id='line_1_12' title="bbox 522 596 1852 650; baseline 0 -13"><span class='ocrx_word' id='word_1_41' title='bbox 522 597 682 637; x_wconf 65' lang='lat' dir='ltr'><em>dicJam</em></span> <span class='ocrx_word' id='word_1_42' title='bbox 715 597 896 650; x_wconf 87' lang='lat' dir='ltr'><em>ostendit.</em></span> <span class='ocrx_word' id='word_1_43' title='bbox 931 610 1061 648; x_wconf 83' lang='lat' dir='ltr'><em>quare</em></span> <span class='ocrx_word' id='word_1_44' title='bbox 1085 596 1284 648; x_wconf 73' lang='lat' dir='ltr'><em>galerita?</em></span> <span class='ocrx_word' id='word_1_45' title='bbox 1310 596 1455 648; x_wconf 79' lang='lat' dir='ltr'><em>potius</em></span> <span class='ocrx_word' id='word_1_46' title='bbox 1487 597 1693 644; x_wconf 84' lang='lat' dir='ltr'><em>uocabulo,</em></span> <span class='ocrx_word' id='word_1_47' title='bbox 1723 597 1852 649; x_wconf 76' lang='lat' dir='ltr'><em>quam</em></span> 
     </span>
     <span class='ocr_line' id='line_1_13' title="bbox 522 669 1851 722; baseline -0.001 -11"><span class='ocrx_word' id='word_1_48' title='bbox 522 671 692 711; x_wconf 76' lang='lat' dir='ltr'><em>alaudoe</em></span> <span class='ocrx_word' id='word_1_49' title='bbox 713 670 890 710; x_wconf 83' lang='lat' dir='ltr'><em>Latinis</em></span> <span class='ocrx_word' id='word_1_50' title='bbox 912 670 1113 710; x_wconf 82' lang='lat' dir='ltr'><em>utendum</em></span> <span class='ocrx_word' id='word_1_51' title='bbox 1135 670 1210 721; x_wconf 83' lang='lat' dir='ltr'><em>effe</em></span> <span class='ocrx_word' id='word_1_52' title='bbox 1228 683 1279 709; x_wconf 77' lang='lat' dir='ltr'><em>ex</em></span> <span class='ocrx_word' id='word_1_53' title='bbox 1297 669 1528 709; x_wconf 76' lang='lat' dir='ltr'><em>autoritate</em></span> <span class='ocrx_word' id='word_1_54' title='bbox 1548 669 1696 722; x_wconf 79' lang='lat' dir='ltr'><em>Plz&#39;m‘j</em></span> <span class='ocrx_word' id='word_1_55' title='bbox 1711 669 1851 722; x_wconf 88' lang='lat' dir='ltr'><em>censeo.</em></span> 
     </span>
    </p>
   </div>
   <div class='ocr_carea' id='block_1_9' title="bbox 781 785 1591 832">
    <p class='ocr_par' dir='ltr' id='par_1_9' title="bbox 781 785 1591 832">
     <span class='ocr_line' id='line_1_14' title="bbox 781 785 1591 832; baseline 0 -1"><span class='ocrx_word' id='word_1_56' title='bbox 781 785 1135 832; x_wconf 76' lang='lat' dir='ltr'>ARISTOTELES</span> <span class='ocrx_word' id='word_1_57' title='bbox 1181 801 1245 830; x_wconf 88' lang='lat' dir='ltr'><em>DE</em></span> <span class='ocrx_word' id='word_1_58' title='bbox 1287 800 1550 832; x_wconf 88' lang='lat' dir='ltr'>GALERITIS</span> <span class='ocrx_word' id='word_1_59' title='bbox 1568 789 1591 831; x_wconf 75' lang='lat'><em>¹.</em></span> 
     </span>
    </p>
   </div>
   <div class='ocr_carea' id='block_1_10' title="bbox 523 885 1855 1284">
    <p class='ocr_par' dir='ltr' id='par_1_10' title="bbox 523 885 1855 1284">
     <span class='ocr_line' id='line_1_15' title="bbox 624 885 1855 949; baseline 0 -17"><span class='ocrx_word' id='word_1_60' title='bbox 624 885 951 933; x_wconf 78' lang='lat' dir='ltr'><em>Galeritarum</em></span> <span class='ocrx_word' id='word_1_61' title='bbox 989 886 1086 932; x_wconf 86' lang='lat' dir='ltr'><em>duo</em></span> <span class='ocrx_word' id='word_1_62' title='bbox 1124 885 1230 932; x_wconf 89' lang='lat' dir='ltr'><em>sunt</em></span> <span class='ocrx_word' id='word_1_63' title='bbox 1267 903 1480 949; x_wconf 80' lang='lat' dir='ltr'><em>genera:</em></span> <span class='ocrx_word' id='word_1_64' title='bbox 1517 885 1723 933; x_wconf 79' lang='lat' dir='ltr'><em>alterum</em></span> <span class='ocrx_word' id='word_1_65' title='bbox 1761 898 1855 933; x_wconf 82' lang='lat' dir='ltr'><em>ter-</em></span> 
     </span>
     <span class='ocr_line' id='line_1_16' title="bbox 523 968 1855 1032; baseline -0.001 -16"><span class='ocrx_word' id='word_1_66' title='bbox 523 988 693 1017; x_wconf 78' lang='lat' dir='ltr'><em>renum</em></span> <span class='ocrx_word' id='word_1_67' title='bbox 726 970 985 1023; x_wconf 76' lang='lat' dir='ltr'><em>cristatum,</em></span> <span class='ocrx_word' id='word_1_68' title='bbox 1019 968 1172 1016; x_wconf 60' lang='lat' dir='ltr'><em>alter&amp;</em></span> <span class='ocrx_word' id='word_1_69' title='bbox 1207 968 1421 1032; x_wconf 76' lang='lat' dir='ltr'><em>gregale.</em></span> <span class='ocrx_word' id='word_1_70' title='bbox 1497 986 1585 1016; x_wconf 75' lang='lat' dir='ltr'><em>nec</em></span> <span class='ocrx_word' id='word_1_71' title='bbox 1619 969 1855 1032; x_wconf 81' lang='lat' dir='ltr'><em>fingulare</em></span> 
     </span>
     <span class='ocr_line' id='line_1_17' title="bbox 524 1051 1854 1115; baseline -0.001 -15"><span class='ocrx_word' id='word_1_72' title='bbox 524 1071 656 1100; x_wconf 78' lang='lat' dir='ltr'><em>more</em></span> <span class='ocrx_word' id='word_1_73' title='bbox 706 1052 916 1107; x_wconf 76' lang='lat' dir='ltr'><em>alterius,</em></span> <span class='ocrx_word' id='word_1_74' title='bbox 969 1056 1137 1099; x_wconf 63' lang='lat' dir='ltr'><em>uerhm</em></span> <span class='ocrx_word' id='word_1_75' title='bbox 1187 1052 1349 1099; x_wconf 78' lang='lat' dir='ltr'><em>colore</em></span> <span class='ocrx_word' id='word_1_76' title='bbox 1397 1051 1556 1106; x_wconf 79' lang='lat' dir='ltr'><em>slmile,</em></span> <span class='ocrx_word' id='word_1_77' title='bbox 1608 1058 1854 1115; x_wconf 60' lang='lat' dir='ltr'><em>qufiquam</em></span> 
     </span>
     <span class='ocr_line' id='line_1_18' title="bbox 523 1135 1855 1201; baseline 0.001 -18"><span class='ocrx_word' id='word_1_78' title='bbox 523 1137 862 1201; x_wconf 77' lang='lat' dir='ltr'><em>magnitudine</em></span> <span class='ocrx_word' id='word_1_79' title='bbox 902 1137 1074 1191; x_wconf 83' lang='lat' dir='ltr'><em>minus,</em></span> <span class='ocrx_word' id='word_1_80' title='bbox 1120 1136 1165 1183; x_wconf 65' lang='grc' dir='ltr'>ἃ</span> <span class='ocrx_word' id='word_1_81' title='bbox 1199 1135 1367 1200; x_wconf 76' lang='lat' dir='ltr'><em>galero</em></span> <span class='ocrx_word' id='word_1_82' title='bbox 1405 1141 1552 1190; x_wconf 70' lang='grc' dir='ltr'><strong>ςειῑέε,</strong></span> <span class='ocrx_word' id='word_1_83' title='bbox 1591 1136 1700 1183; x_wconf 83' lang='lat' dir='ltr'><em>cibo</em></span> <span class='ocrx_word' id='word_1_84' title='bbox 1741 1139 1855 1184; x_wconf 63' lang='lat' dir='ltr'><em>uer&amp;</em></span> 
     </span>
     <span class='ocr_line' id='line_1_19' title="bbox 523 1220 1852 1284; baseline 0 -16"><span class='ocrx_word' id='word_1_85' title='bbox 523 1222 715 1274; x_wconf 67' lang='lat' dir='ltr'><em>idonesl,</em></span> <span class='ocrx_word' id='word_1_86' title='bbox 759 1220 978 1284; x_wconf 74' lang='lat' dir='ltr'><em>galeritae</em></span> <span class='ocrx_word' id='word_1_87' title='bbox 1018 1225 1218 1283; x_wconf 60' lang='lat' dir='ltr'><em>nunquit</em></span> <span class='ocrx_word' id='word_1_88' title='bbox 1267 1221 1314 1266; x_wconf 88' lang='lat' dir='ltr'><em>in</em></span> <span class='ocrx_word' id='word_1_89' title='bbox 1363 1220 1537 1267; x_wconf 80' lang='lat' dir='ltr'><em>arbore</em></span> <span class='ocrx_word' id='word_1_90' title='bbox 1580 1220 1852 1280; x_wconf 67' lang='lat' dir='ltr'><em>consistunt,</em></span> 
     </span>
    </p>
   </div>
   <div class='ocr_carea' id='block_1_11' title="bbox 523 1305 816 1352">
    <p class='ocr_par' dir='ltr' id='par_1_11' title="bbox 523 1305 816 1352">
     <span class='ocr_line' id='line_1_20' title="bbox 523 1305 816 1352; baseline 0 -1"><span class='ocrx_word' id='word_1_91' title='bbox 523 1305 603 1352; x_wconf 78' lang='lat' dir='ltr'><em>sed</em></span> <span class='ocrx_word' id='word_1_92' title='bbox 641 1305 775 1351; x_wconf 84' lang='lat' dir='ltr'><em>humi</em></span> <span class='ocrx_word' id='word_1_93' title='bbox 794 1308 816 1351; x_wconf 74' lang='lat'><em>².</em></span> 
     </span>
    </p>
   </div>
   <div class='ocr_carea' id='block_1_12' title="bbox 522 1404 1858 1534">
    <p class='ocr_par' dir='ltr' id='par_1_12' title="bbox 522 1404 1858 1534">
     <span class='ocr_line' id='line_1_21' title="bbox 606 1404 1858 1459; baseline -0.001 -12"><span class='ocrx_word' id='word_1_94' title='bbox 606 1406 742 1447; x_wconf 79' lang='lat' dir='ltr'><em>Prius</em></span> <span class='ocrx_word' id='word_1_95' title='bbox 763 1406 836 1446; x_wconf 79' lang='lat' dir='ltr'><em>lioc</em></span> <span class='ocrx_word' id='word_1_96' title='bbox 865 1404 1107 1459; x_wconf 77' lang='lat' dir='ltr'><em>Aristotelis</em></span> <span class='ocrx_word' id='word_1_97' title='bbox 1126 1418 1265 1458; x_wconf 86' lang='lat' dir='ltr'><em>genus</em></span> <span class='ocrx_word' id='word_1_98' title='bbox 1294 1405 1468 1444; x_wconf 82' lang='lat' dir='ltr'><em>uariam</em></span> <span class='ocrx_word' id='word_1_99' title='bbox 1491 1405 1616 1446; x_wconf 78' lang='lat' dir='ltr'><em>lzabet</em></span> <span class='ocrx_word' id='word_1_100' title='bbox 1642 1405 1687 1446; x_wconf 90' lang='lat' dir='ltr'><em>in</em></span> <span class='ocrx_word' id='word_1_101' title='bbox 1717 1406 1858 1459; x_wconf 85' lang='lat' dir='ltr'><em>uarijs</em></span> 
     </span>
     <span class='ocr_line' id='line_1_22' title="bbox 522 1478 1858 1534; baseline -0.002 -12"><span class='ocrx_word' id='word_1_102' title='bbox 522 1481 760 1534; x_wconf 75' lang='lat' dir='ltr'><em>regionibus</em></span> <span class='ocrx_word' id='word_1_103' title='bbox 779 1480 958 1533; x_wconf 80' lang='lat' dir='ltr'><em>cristam,</em></span> <span class='ocrx_word' id='word_1_104' title='bbox 981 1479 1140 1519; x_wconf 81' lang='lat' dir='ltr'><em>alicubi</em></span> <span class='ocrx_word' id='word_1_105' title='bbox 1157 1478 1326 1530; x_wconf 78' lang='lat' dir='ltr'><em>semper</em></span> <span class='ocrx_word' id='word_1_106' title='bbox 1350 1486 1649 1532; x_wconf 84' lang='lat' dir='ltr'><em>apparentem:</em></span> <span class='ocrx_word' id='word_1_107' title='bbox 1682 1479 1725 1519; x_wconf 87' lang='lat' dir='ltr'><em>in</em></span> <span class='ocrx_word' id='word_1_108' title='bbox 1755 1480 1858 1533; x_wconf 79' lang='lat' dir='ltr'><em>alijs</em></span> 
     </span>
    </p>
   </div>
   <div class='ocr_carea' id='block_1_13' title="bbox 521 1553 1856 1682">
    <p class='ocr_par' dir='ltr' id='par_1_13' title="bbox 521 1553 1856 1682">
     <span class='ocr_line' id='line_1_23' title="bbox 521 1553 1856 1607; baseline -0.001 -11"><span class='ocrx_word' id='word_1_109' title='bbox 521 1556 620 1596; x_wconf 87' lang='lat' dir='ltr'><em>locis</em></span> <span class='ocrx_word' id='word_1_110' title='bbox 641 1556 778 1603; x_wconf 85' lang='lat' dir='ltr'><em>talem,</em></span> <span class='ocrx_word' id='word_1_111' title='bbox 801 1561 850 1594; x_wconf 88' lang='lat' dir='ltr'><em>ut</em></span> <span class='ocrx_word' id='word_1_112' title='bbox 868 1561 949 1607; x_wconf 82' lang='lat' dir='ltr'><em>pro</em></span> <span class='ocrx_word' id='word_1_113' title='bbox 977 1553 1194 1593; x_wconf 80' lang='lat' dir='ltr'><em>arbitratu</em></span> <span class='ocrx_word' id='word_1_114' title='bbox 1213 1553 1294 1605; x_wconf 90' lang='lat' dir='ltr'><em>suo</em></span> <span class='ocrx_word' id='word_1_115' title='bbox 1315 1553 1439 1605; x_wconf 83' lang='lat' dir='ltr'><em>possit</em></span> <span class='ocrx_word' id='word_1_116' title='bbox 1464 1553 1622 1606; x_wconf 81' lang='lat' dir='ltr'><em>erigere</em></span> <span class='ocrx_word' id='word_1_117' title='bbox 1642 1561 1721 1594; x_wconf 91' lang='lat' dir='ltr'><em>aut</em></span> <span class='ocrx_word' id='word_1_118' title='bbox 1740 1554 1856 1607; x_wconf 87' lang='lat' dir='ltr'><em>depo·</em></span> 
     </span>
     <span class='ocr_line' id='line_1_24' title="bbox 523 1626 1854 1682; baseline -0.002 -12"><span class='ocrx_word' id='word_1_119' title='bbox 523 1644 625 1677; x_wconf 85' lang='lat' dir='ltr'><em>nere,</em></span> <span class='ocrx_word' id='word_1_120' title='bbox 647 1635 732 1682; x_wconf 68' lang='lat' dir='ltr'><em>qun</em></span> <span class='ocrx_word' id='word_1_121' title='bbox 755 1642 842 1668; x_wconf 87' lang='lat' dir='ltr'><em>una</em></span> <span class='ocrx_word' id='word_1_122' title='bbox 869 1627 1049 1679; x_wconf 81' lang='lat' dir='ltr'><em>eademq&#39;;</em></span> <span class='ocrx_word' id='word_1_123' title='bbox 1071 1627 1136 1679; x_wconf 79' lang='lat' dir='ltr'><em>fit</em></span> <span class='ocrx_word' id='word_1_124' title='bbox 1162 1626 1338 1680; x_wconf 78' lang='lat' dir='ltr'><em>utriusq,-</em></span> <span class='ocrx_word' id='word_1_125' title='bbox 1368 1627 1467 1667; x_wconf 87' lang='lat' dir='ltr'><em>auis</em></span> <span class='ocrx_word' id='word_1_126' title='bbox 1488 1628 1748 1680; x_wconf 79' lang='lat' dir='ltr'><em>magnitudo,</em></span> <span class='ocrx_word' id='word_1_127' title='bbox 1811 1629 1854 1668; x_wconf 59' lang='grc' dir='ltr'><em>ὃ</em></span> 
     </span>
    </p>
   </div>
   <div class='ocr_carea' id='block_1_14' title="bbox 514 1702 1853 1759">
    <p class='ocr_par' dir='ltr' id='par_1_14' title="bbox 514 1702 1853 1759">
     <span class='ocr_line' id='line_1_25' title="bbox 514 1702 1853 1759; baseline -0.002 -14"><span class='ocrx_word' id='word_1_128' title='bbox 514 1705 747 1759; x_wconf 89' lang='lat' dir='ltr'><em>galeritam</em></span> <span class='ocrx_word' id='word_1_129' title='bbox 764 1704 872 1743; x_wconf 74' lang='lat' dir='ltr'><em>lianc</em></span> <span class='ocrx_word' id='word_1_130' title='bbox 888 1703 1102 1751; x_wconf 87' lang='lat' dir='ltr'><em>maiorem,</em></span> <span class='ocrx_word' id='word_1_131' title='bbox 1117 1703 1155 1741; x_wconf 82' lang='lat' dir='ltr'><em>A</em></span> <span class='ocrx_word' id='word_1_132' title='bbox 1164 1702 1259 1754; x_wconf 84' lang='lat' dir='ltr'><em>ngli</em></span> <span class='ocrx_word' id='word_1_133' title='bbox 1263 1702 1436 1755; x_wconf 78' lang='lat' dir='ltr'><em>proprie</em></span> <span class='ocrx_word' id='word_1_134' title='bbox 1451 1702 1602 1742; x_wconf 85' lang='lat' dir='ltr'><em>lercam</em></span> <span class='ocrx_word' id='word_1_135' title='bbox 1621 1702 1853 1743; x_wconf 90' lang='lat' dir='ltr'><em>nominant.</em></span> 
     </span>
    </p>
   </div>
   <div class='ocr_carea' id='block_1_15' title="bbox 519 1774 1852 2726">
    <p class='ocr_par' dir='ltr' id='par_1_15' title="bbox 519 1774 1852 2726">
     <span class='ocr_line' id='line_1_26' title="bbox 521 1774 1852 1830; baseline -0.003 -11"><span class='ocrx_word' id='word_1_136' title='bbox 521 1779 557 1818; x_wconf 80' lang='lat' dir='ltr'><strong><em>A</em></strong></span> <span class='ocrx_word' id='word_1_137' title='bbox 569 1779 720 1819; x_wconf 84' lang='lat' dir='ltr'><em>lterum</em></span> <span class='ocrx_word' id='word_1_138' title='bbox 763 1791 901 1830; x_wconf 87' lang='lat' dir='ltr'><em>genus</em></span> <span class='ocrx_word' id='word_1_139' title='bbox 941 1775 1158 1816; x_wconf 76' lang='lat' dir='ltr'><em>Aristotel.</em></span> <span class='ocrx_word' id='word_1_140' title='bbox 1201 1774 1227 1814; x_wconf 73' lang='lat' dir='ltr'><em>a</em></span> <span class='ocrx_word' id='word_1_141' title='bbox 1276 1775 1428 1828; x_wconf 88' lang='lat' dir='ltr'><em>nostris</em></span> <span class='ocrx_word' id='word_1_142' title='bbox 1466 1775 1572 1827; x_wconf 86' lang='lat' dir='ltr'><em>fera</em></span> <span class='ocrx_word' id='word_1_143' title='bbox 1611 1775 1784 1824; x_wconf 86' lang='lat' dir='ltr'><em>alauda,</em></span> <span class='ocrx_word' id='word_1_144' title='bbox 1825 1776 1852 1815; x_wconf 76' lang='grc' dir='ltr'><em>(ὲ</em></span> 
     </span>
     <span class='ocr_line' id='line_1_27' title="bbox 523 1849 1851 1905; baseline -0.004 -11"><span class='ocrx_word' id='word_1_145' title='bbox 523 1852 751 1894; x_wconf 82' lang='lat' dir='ltr'><em>Germanis</em></span> <span class='ocrx_word' id='word_1_146' title='bbox 784 1852 863 1905; x_wconf 47' lang='lat' dir='ltr'><em>[lxeib</em></span> <span class='ocrx_word' id='word_1_147' title='bbox 897 1852 986 1902; x_wconf 65' lang='lat' dir='ltr'><em>[cub</em></span> <span class='ocrx_word' id='word_1_148' title='bbox 1019 1849 1278 1897; x_wconf 86' lang='lat' dir='ltr'><em>nominatur,</em></span> <span class='ocrx_word' id='word_1_149' title='bbox 1308 1849 1353 1889; x_wconf 90' lang='lat' dir='ltr'><em>in</em></span> <span class='ocrx_word' id='word_1_150' title='bbox 1373 1849 1522 1900; x_wconf 88' lang='lat' dir='ltr'><em>planis</em></span> <span class='ocrx_word' id='word_1_151' title='bbox 1551 1849 1594 1888; x_wconf 82' lang='lat'><em>&amp;</em></span> <span class='ocrx_word' id='word_1_152' title='bbox 1616 1849 1714 1889; x_wconf 86' lang='lat' dir='ltr'><em>locis</em></span> <span class='ocrx_word' id='word_1_153' title='bbox 1740 1849 1851 1889; x_wconf 82' lang='lat' dir='ltr'><em>erica</em></span> 
     </span>
     <span class='ocr_line' id='line_1_28' title="bbox 519 1924 1852 1980; baseline -0.003 -12"><span class='ocrx_word' id='word_1_154' title='bbox 519 1928 695 1980; x_wconf 84' lang='lat' dir='ltr'><em>eonfitis,</em></span> <span class='ocrx_word' id='word_1_155' title='bbox 733 1927 776 1967; x_wconf 59' lang='grc' dir='ltr'><em>ὃ</em></span> <span class='ocrx_word' id='word_1_156' title='bbox 811 1926 874 1966; x_wconf 88' lang='lat' dir='ltr'><em>ad</em></span> <span class='ocrx_word' id='word_1_157' title='bbox 905 1925 1023 1978; x_wconf 86' lang='lat' dir='ltr'><em>ripas</em></span> <span class='ocrx_word' id='word_1_158' title='bbox 1058 1925 1239 1971; x_wconf 75' lang='lat' dir='ltr'><em>lacm‘tm,</em></span> <span class='ocrx_word' id='word_1_159' title='bbox 1276 1924 1487 1964; x_wconf 87' lang='lat' dir='ltr'><em>uermium</em></span> <span class='ocrx_word' id='word_1_160' title='bbox 1528 1924 1664 1976; x_wconf 85' lang='lat' dir='ltr'><em>cansa,</em></span> <span class='ocrx_word' id='word_1_161' title='bbox 1700 1925 1852 1977; x_wconf 79' lang='lat' dir='ltr'><em>quibus</em></span> 
     </span>
     <span class='ocr_line' id='line_1_29' title="bbox 521 1997 1851 2054; baseline -0.002 -12"><span class='ocrx_word' id='word_1_162' title='bbox 521 2003 700 2050; x_wconf 62' lang='lat' dir='ltr'><em>uic‘litat,</em></span> <span class='ocrx_word' id='word_1_163' title='bbox 735 2014 893 2054; x_wconf 85' lang='lat' dir='ltr'><em>magua</em></span> <span class='ocrx_word' id='word_1_164' title='bbox 928 2013 978 2039; x_wconf 72' lang='lat' dir='ltr'><em>ex</em></span> <span class='ocrx_word' id='word_1_165' title='bbox 1002 2005 1129 2052; x_wconf 83' lang='lat' dir='ltr'><em>parte</em></span> <span class='ocrx_word' id='word_1_166' title='bbox 1161 1998 1286 2051; x_wconf 87' lang='lat' dir='ltr'><em>degit.</em></span> <span class='ocrx_word' id='word_1_167' title='bbox 1348 1997 1490 2050; x_wconf 89' lang='lat' dir='ltr'><em>Duplo</em></span> <span class='ocrx_word' id='word_1_168' title='bbox 1513 1999 1610 2050; x_wconf 76' lang='lat' dir='ltr'><em>fere</em></span> <span class='ocrx_word' id='word_1_169' title='bbox 1630 1998 1851 2050; x_wconf 73' lang='lat' dir='ltr'><em>stiperiore</em></span> 
     </span>
     <span class='ocr_line' id='line_1_30' title="bbox 521 2072 1818 2129; baseline -0.003 -12"><span class='ocrx_word' id='word_1_170' title='bbox 521 2077 665 2117; x_wconf 82' lang='lat' dir='ltr'><em>minus</em></span> <span class='ocrx_word' id='word_1_171' title='bbox 695 2076 758 2129; x_wconf 72' lang='lat' dir='ltr'><em>cst,</em></span> <span class='ocrx_word' id='word_1_172' title='bbox 791 2076 834 2114; x_wconf 63' lang='grc' dir='ltr'><em>ὅτ</em></span> <span class='ocrx_word' id='word_1_173' title='bbox 867 2074 994 2127; x_wconf 78' lang='lat' dir='ltr'><em>rostro</em></span> <span class='ocrx_word' id='word_1_174' title='bbox 1026 2073 1152 2120; x_wconf 87' lang='lat' dir='ltr'><em>tenui,</em></span> <span class='ocrx_word' id='word_1_175' title='bbox 1187 2072 1231 2111; x_wconf 82' lang='lat'><em>&amp;</em></span> <span class='ocrx_word' id='word_1_176' title='bbox 1261 2085 1386 2112; x_wconf 86' lang='lat' dir='ltr'><em>carue</em></span> <span class='ocrx_word' id='word_1_177' title='bbox 1416 2073 1534 2125; x_wconf 80' lang='lat' dir='ltr'><em>longe</em></span> <span class='ocrx_word' id='word_1_178' title='bbox 1553 2072 1818 2126; x_wconf 73' lang='lat' dir='ltr'><em>stiauiſjima.</em></span> 
     </span>
     <span class='ocr_line' id='line_1_31' title="bbox 611 2147 1848 2205; baseline -0.003 -13"><span class='ocrx_word' id='word_1_179' title='bbox 611 2151 807 2205; x_wconf 78' lang='lat' dir='ltr'><em>Superest</em></span> <span class='ocrx_word' id='word_1_180' title='bbox 824 2149 997 2191; x_wconf 86' lang='lat' dir='ltr'><em>tertium</em></span> <span class='ocrx_word' id='word_1_181' title='bbox 1011 2148 1212 2201; x_wconf 72' lang='lat' dir='ltr'><em>galeritae</em></span> <span class='ocrx_word' id='word_1_182' title='bbox 1224 2161 1372 2200; x_wconf 83' lang='lat' dir='ltr'><em>genus,</em></span> <span class='ocrx_word' id='word_1_183' title='bbox 1399 2147 1628 2188; x_wconf 85' lang='lat' dir='ltr'><em>Germanis</em></span> <span class='ocrx_word' id='word_1_184' title='bbox 1647 2158 1800 2201; x_wconf 80' lang='lat' dir='ltr'><em>copem,</em></span> <span class='ocrx_word' id='word_1_185' title='bbox 1821 2149 1848 2188; x_wconf 78' lang='grc' dir='ltr'><em>ἀ</em></span> 
     </span>
     <span class='ocr_line' id='line_1_32' title="bbox 521 2221 1849 2279; baseline -0.002 -13"><span class='ocrx_word' id='word_1_186' title='bbox 521 2226 726 2279; x_wconf 75' lang='lat' dir='ltr'><em>logisstma</em></span> <span class='ocrx_word' id='word_1_187' title='bbox 747 2224 883 2278; x_wconf 80' lang='lat' dir='ltr'><em>crista,</em></span> <span class='ocrx_word' id='word_1_188' title='bbox 907 2231 955 2263; x_wconf 89' lang='lat' dir='ltr'><em>ut</em></span> <span class='ocrx_word' id='word_1_189' title='bbox 974 2222 1170 2270; x_wconf 82' lang='lat' dir='ltr'><em>arbitror,</em></span> <span class='ocrx_word' id='word_1_190' title='bbox 1194 2222 1256 2262; x_wconf 87' lang='lat' dir='ltr'><em>ita</em></span> <span class='ocrx_word' id='word_1_191' title='bbox 1284 2222 1459 2270; x_wconf 64' lang='lat' dir='ltr'><em>diuma,</em></span> <span class='ocrx_word' id='word_1_192' title='bbox 1480 2221 1701 2276; x_wconf 79' lang='lat' dir='ltr'><em>Aristoteli</em></span> <span class='ocrx_word' id='word_1_193' title='bbox 1717 2224 1849 2275; x_wconf 74' lang='lat' dir='ltr'><em>plane</em></span> 
     </span>
     <span class='ocr_line' id='line_1_33' title="bbox 522 2296 1848 2354; baseline -0.005 -12"><span class='ocrx_word' id='word_1_194' title='bbox 522 2301 811 2354; x_wconf 84' lang='lat' dir='ltr'><em>incognitum:</em></span> <span class='ocrx_word' id='word_1_195' title='bbox 843 2313 943 2338; x_wconf 91' lang='lat' dir='ltr'><em>nam</em></span> <span class='ocrx_word' id='word_1_196' title='bbox 957 2298 1087 2350; x_wconf 76' lang='lat' dir='ltr'><em>prius</em></span> <span class='ocrx_word' id='word_1_197' title='bbox 1108 2296 1350 2350; x_wconf 80' lang='lat' dir='ltr'><em>Aristotelis</em></span> <span class='ocrx_word' id='word_1_198' title='bbox 1362 2310 1501 2348; x_wconf 88' lang='lat' dir='ltr'><em>genus</em></span> <span class='ocrx_word' id='word_1_199' title='bbox 1520 2297 1594 2348; x_wconf 71' lang='lat' dir='ltr'><em>esse</em></span> <span class='ocrx_word' id='word_1_200' title='bbox 1615 2310 1696 2336; x_wconf 86' lang='lat' dir='ltr'><em>non</em></span> <span class='ocrx_word' id='word_1_201' title='bbox 1708 2297 1848 2350; x_wconf 80' lang='lat' dir='ltr'><em>potest,</em></span> 
     </span>
     <span class='ocr_line' id='line_1_34' title="bbox 520 2369 1847 2429; baseline -0.004 -13"><span class='ocrx_word' id='word_1_202' title='bbox 520 2376 623 2429; x_wconf 83' lang='lat' dir='ltr'><em>quia</em></span> <span class='ocrx_word' id='word_1_203' title='bbox 650 2375 792 2415; x_wconf 86' lang='lat' dir='ltr'><em>minor</em></span> <span class='ocrx_word' id='word_1_204' title='bbox 817 2373 876 2427; x_wconf 85' lang='lat' dir='ltr'><em>est</em></span> <span class='ocrx_word' id='word_1_205' title='bbox 898 2372 1026 2425; x_wconf 79' lang='lat' dir='ltr'><em>quam</em></span> <span class='ocrx_word' id='word_1_206' title='bbox 1057 2378 1105 2411; x_wconf 90' lang='lat' dir='ltr'><em>ut</em></span> <span class='ocrx_word' id='word_1_207' title='bbox 1132 2369 1246 2410; x_wconf 86' lang='lat' dir='ltr'><em>illud</em></span> <span class='ocrx_word' id='word_1_208' title='bbox 1269 2371 1344 2422; x_wconf 72' lang='lat' dir='ltr'><em>esse</em></span> <span class='ocrx_word' id='word_1_209' title='bbox 1361 2370 1508 2422; x_wconf 80' lang='lat' dir='ltr'><em>poſjit:</em></span> <span class='ocrx_word' id='word_1_210' title='bbox 1542 2370 1687 2410; x_wconf 74' lang='lat' dir='ltr'><em>minus</em></span> <span class='ocrx_word' id='word_1_211' title='bbox 1708 2377 1847 2411; x_wconf 83' lang='lat' dir='ltr'><em>autem</em></span> 
     </span>
     <span class='ocr_line' id='line_1_35' title="bbox 523 2443 1852 2502; baseline -0.004 -12"><span class='ocrx_word' id='word_1_212' title='bbox 523 2450 636 2490; x_wconf 86' lang='lat' dir='ltr'><em>illud</em></span> <span class='ocrx_word' id='word_1_213' title='bbox 664 2462 801 2502; x_wconf 86' lang='lat' dir='ltr'><em>genus</em></span> <span class='ocrx_word' id='word_1_214' title='bbox 834 2447 908 2499; x_wconf 89' lang='lat' dir='ltr'><em>esse</em></span> <span class='ocrx_word' id='word_1_215' title='bbox 947 2460 1027 2485; x_wconf 85' lang='lat' dir='ltr'><em>nou</em></span> <span class='ocrx_word' id='word_1_216' title='bbox 1060 2444 1198 2497; x_wconf 88' lang='lat' dir='ltr'><em>potest,</em></span> <span class='ocrx_word' id='word_1_217' title='bbox 1235 2443 1337 2497; x_wconf 79' lang='lat' dir='ltr'><em>quia</em></span> <span class='ocrx_word' id='word_1_218' title='bbox 1369 2444 1570 2496; x_wconf 83' lang='lat' dir='ltr'><em>galerum</em></span> <span class='ocrx_word' id='word_1_219' title='bbox 1611 2443 1742 2492; x_wconf 74' lang='lat' dir='ltr'><em>liabet,</em></span> <span class='ocrx_word' id='word_1_220' title='bbox 1775 2445 1852 2497; x_wconf 83' lang='lat' dir='ltr'><em>qui</em></span> 
     </span>
     <span class='ocr_line' id='line_1_36' title="bbox 521 2515 1848 2576; baseline -0.006 -13"><span class='ocrx_word' id='word_1_221' title='bbox 521 2522 765 2576; x_wconf 80' lang='lat' dir='ltr'><em>Aristotelis</em></span> <span class='ocrx_word' id='word_1_222' title='bbox 783 2518 1010 2574; x_wconf 84' lang='lat' dir='ltr'><em>posteriori</em></span> <span class='ocrx_word' id='word_1_223' title='bbox 1027 2517 1179 2570; x_wconf 81' lang='lat' dir='ltr'><em>generi</em></span> <span class='ocrx_word' id='word_1_224' title='bbox 1203 2516 1316 2570; x_wconf 88' lang='lat' dir='ltr'><em>deest.</em></span> <span class='ocrx_word' id='word_1_225' title='bbox 1381 2515 1526 2566; x_wconf 74' lang='lat' dir='ltr'><em>Quare</em></span> <span class='ocrx_word' id='word_1_226' title='bbox 1543 2517 1733 2569; x_wconf 82' lang='lat' dir='ltr'><em>galerita</em></span> <span class='ocrx_word' id='word_1_227' title='bbox 1759 2517 1848 2571; x_wconf 86' lang='lat' dir='ltr'><em>ista,</em></span> 
     </span>
     <span class='ocr_line' id='line_1_37' title="bbox 521 2590 1850 2651; baseline -0.004 -14"><span class='ocrx_word' id='word_1_228' title='bbox 521 2596 743 2651; x_wconf 77' lang='lat' dir='ltr'><em>Aristoteli</em></span> <span class='ocrx_word' id='word_1_229' title='bbox 759 2595 858 2647; x_wconf 90' lang='lat' dir='ltr'><em>fuit</em></span> <span class='ocrx_word' id='word_1_230' title='bbox 887 2592 1107 2645; x_wconf 82' lang='lat' dir='ltr'><em>incognita.</em></span> <span class='ocrx_word' id='word_1_231' title='bbox 1170 2591 1232 2630; x_wconf 84' lang='lat' dir='ltr'><em>Et</em></span> <span class='ocrx_word' id='word_1_232' title='bbox 1259 2593 1352 2630; x_wconf 78' lang='lat' dir='ltr'><em>cum</em></span> <span class='ocrx_word' id='word_1_233' title='bbox 1389 2590 1645 2642; x_wconf 67' lang='lat' dir='ltr'><em>Colonienstes</em></span> <span class='ocrx_word' id='word_1_234' title='bbox 1674 2599 1850 2644; x_wconf 86' lang='lat' dir='ltr'><em>aucupes</em></span> 
     </span>
     <span class='ocr_line' id='line_1_38' title="bbox 520 2665 1851 2726; baseline -0.005 -13"><span class='ocrx_word' id='word_1_235' title='bbox 520 2681 706 2726; x_wconf 86' lang='lat' dir='ltr'><em>coperam</em></span> <span class='ocrx_word' id='word_1_236' title='bbox 735 2671 847 2723; x_wconf 76' lang='lat' dir='ltr'><em>(quoe</em></span> <span class='ocrx_word' id='word_1_237' title='bbox 874 2667 1022 2708; x_wconf 76' lang='lat' dir='ltr'><em>medice</em></span> <span class='ocrx_word' id='word_1_238' title='bbox 1045 2666 1103 2720; x_wconf 90' lang='lat' dir='ltr'><em>est</em></span> <span class='ocrx_word' id='word_1_239' title='bbox 1130 2665 1445 2718; x_wconf 85' lang='lat' dir='ltr'><em>magnitudinis</em></span> <span class='ocrx_word' id='word_1_240' title='bbox 1470 2665 1581 2705; x_wconf 87' lang='lat' dir='ltr'><em>inter</em></span> <span class='ocrx_word' id='word_1_241' title='bbox 1610 2665 1649 2705; x_wconf 80' lang='lat' dir='ltr'><em>A</em></span> <span class='ocrx_word' id='word_1_242' title='bbox 1659 2665 1851 2719; x_wconf 80' lang='lat' dir='ltr'><em>ristotelis</em></span> 
     </span>
    </p>
   </div>
   <div class='ocr_carea' id='block_1_16' title="bbox 940 2777 1422 2868">
    <p class='ocr_par' dir='ltr' id='par_1_16' title="bbox 940 2777 1422 2868">
     <span class='ocr_line' id='line_1_39' title="bbox 942 2777 1422 2814; baseline -0.004 0"><span class='ocrx_word' id='word_1_243' title='bbox 942 2779 952 2800; x_wconf 79' lang='lat'>¹</span> <span class='ocrx_word' id='word_1_244' title='bbox 978 2780 1080 2814; x_wconf 86' lang='lat' dir='ltr'><em>Hist.</em></span> <span class='ocrx_word' id='word_1_245' title='bbox 1098 2778 1174 2812; x_wconf 87' lang='lat' dir='ltr'><em>An.</em></span> <span class='ocrx_word' id='word_1_246' title='bbox 1196 2777 1253 2811; x_wconf 90' lang='lat' dir='ltr'><em>Bk</em></span> <span class='ocrx_word' id='word_1_247' title='bbox 1272 2785 1326 2811; x_wconf 88' lang='lat' dir='ltr'><em>IX.</em></span> <span class='ocrx_word' id='word_1_248' title='bbox 1350 2787 1422 2812; x_wconf 84' lang='lat'><em>101.</em></span> 
     </span>
     <span class='ocr_line' id='line_1_40' title="bbox 940 2833 1399 2868; baseline -0.007 1"><span class='ocrx_word' id='word_1_249' title='bbox 940 2835 953 2856; x_wconf 77' lang='lat'><em>‘2</em></span> <span class='ocrx_word' id='word_1_250' title='bbox 979 2836 1078 2868; x_wconf 81' lang='lat' dir='ltr'><em>Hist.</em></span> <span class='ocrx_word' id='word_1_251' title='bbox 1098 2834 1174 2867; x_wconf 86' lang='lat' dir='ltr'><em>An.</em></span> <span class='ocrx_word' id='word_1_252' title='bbox 1197 2833 1253 2866; x_wconf 81' lang='lat' dir='ltr'><em>Bk</em></span> <span class='ocrx_word' id='word_1_253' title='bbox 1272 2841 1324 2866; x_wconf 86' lang='lat' dir='ltr'><em>IX.</em></span> <span class='ocrx_word' id='word_1_254' title='bbox 1345 2833 1399 2867; x_wconf 86' lang='lat'><em>66.</em></span> 
     </span>
    </p>
   </div>
  </div>
 </body>
</html>
