1913 3214
544 157 602 202 82
823 152 1271 201 Galerita-——Galli
1301 160 1348 201 et
1387 155 1602 201 Gallina

533 287 767 338 galeritam
799 286 1025 340 cristatam,
1055 287 1098 327 ὅτ
1129 301 1210 327 non
1236 287 1472 339 cristatam)
1502 286 1768 326 concordibus
1798 286 1874 325 ad-

529 352 712 406 firment
729 352 974 405 sttffragz'js,
996 353 1105 392 lianc
1134 353 1257 393 nulla
1285 353 1434 393 liabere
1454 353 1710 405 peculiarem
1741 352 1873 392 canti-

543 418 752 466 nnculam,
773 419 857 470 sea'
875 419 1007 470 inepte
1028 419 1229 466 aliarum,
1251 419 1496 471 quibuscum
1523 419 1702 465 uit-litat,
1723 419 1872 458 auium

543 498 656 524 uoces
685 485 846 535 referre,
868 485 1057 525 adducor
1075 485 1204 537 plane
1233 492 1282 524 ut
1307 485 1475 524 credam
1504 485 1613 524 lianc
1639 486 1713 538 esse
1740 498 1872 524 receu-

543 549 700 589 tiorum
740 549 778 590 G
783 564 982 590 rcecorum
1023 550 1211 601 corydon,
1251 550 1371 590 cuius
1412 550 1456 589 in
1486 550 1682 602 sequenti
1719 549 1874 602 adagio

544 615 697 654 mentio
737 615 795 668 est
832 614 1080 664 ἐνάμουσις1
1123 614 1197 655 καὶ
1239 613 1415 669 κόρυδος
1457 613 1705 670 φθέγγεται,
1748 617 1791 656 &
1828 615 1872 656 iu

542 679 616 720 ltoc
647 680 769 732 uersu
786 695 800 719 .·

636 749 674 790 εἰ
705 748 842 791 κύκνω
875 749 1053 792 δύναται
1086 749 1266 804 κόρυδος
1299 750 1618 804 παραπλήσιον
1649 749 1775 792 ἅδειν.

629 824 708 864 Nc?
729 824 919 877 galerita
952 825 1100 873 maior,
1123 825 1299 876 pulchre
1331 825 1374 865 ὦ
1403 825 1605 877 suauiter
1642 832 1796 875 cantat,
1831 825 1874 865 ὃ*

545 890 748 930 minorem
770 897 894 930 cantu
916 904 997 929 non
1021 890 1166 930 minus
1186 892 1326 931 ualere
1348 892 1528 931 tradunt
1541 898 1724 943 aucupes.
1771 891 1877 932 Hoec

545 956 683 1009 igitur
701 970 831 1008 quum
854 970 947 996 uoce
968 956 1221 1009 niliilposstt,
1232 957 1315 1008 fi’a'
1333 958 1463 1009 inepte
1486 960 1653 998 tantum
1683 958 1873 998 aliarum

544 1037 666 1070 uoces,
687 1022 769 1074 fico
792 1022 972 1076 garritu
1006 1022 1192 1070 mentiri,
1215 1023 1488 1063 recentiorum
1524 1023 1763 1064 Groecorum
1795 1023 1878 1064 erit

543 1088 721 1140 corydos.

398 1170 446 1217 [p.
466 1170 526 1217 67]
957 1164 1050 1204 DE
1094 1164 1334 1206 GALLIS
1373 1165 1464 1205 ET

1107 1230 1302 1283 gallinis.

634 1309 854 1363 Αλέκτωρ,
868 1310 1029 1362 gallus,
1049 1309 1229 1362 Anglice*
1259 1323 1286 1349 a
1316 1310 1398 1357 cok,
1425 1309 1672 1350 Germanice
1694 1321 1764 1363 etyn
1788 1310 1874 1363 biin.

548 1374 798 1430 Αλέκτορις,
814 1376 998 1428 gallina,
1023 1376 1202 1428 Anglice
1228 1390 1256 1416 a
1286 1375 1375 1425 lien,
1402 1376 1659 1424 Germanice,
1692 1386 1762 1429 ctyn
1796 1378 1874 1430 ben.

550 1442 741 1482 Saxones
761 1442 910 1481 dicunt
931 1452 1002 1493 eim
1026 1441 1110 1494 blm.

660 1529 871 1576 VARRo2
914 1545 978 1575 DE
1022 1544 1085 1575 RE
1129 1544 1339 1576 RUSTICA
1379 1544 1527 1575 LIBRo
1570 1544 1765 1576 TERTIO.

266 1619 423 1671 Rusticae
650 1612 857 1660 Gallinae
895 1613 1090 1667 rusticae,
1121 1612 1228 1659 sunt
1266 1613 1314 1659 in
1352 1613 1470 1659 urbe
1498 1629 1630 1670 rarae,
1661 1630 1747 1659 nec
1773 1613 1874 1660 fere

263 1667 409 1710 ganme.
548 1688 795 1752 mansuete
844 1688 940 1734 s1ne
985 1705 1136 1734 cauea
1182 1688 1410 1734 uidentur
1466 1689 1650 1741 Romae,
1702 1687 1875 1735 ssmiles

262 1779 444 1821 Villatice.
547 1763 668 1810 facie
728 1780 825 1809 non
885 1762 960 1809 his
1016 1762 1238 1809 uillaticis
1297 1762 1489 1825 gallinis
1548 1763 1730 1818 nostris,
1794 1763 1874 1810 sed

546 1837 792 1884 Africanis
829 1836 1037 1899 aspectu,
1079 1855 1134 1884 ac
1178 1837 1299 1884 facie
1343 1838 1738 1884 incontaminata.
1817 1838 1874 1884 In

546 1913 798 1960 ornatibus
846 1911 1052 1974 publicis
1096 1911 1248 1959 solent
1297 1912 1411 1974 poni
1454 1929 1562 1958 curn
1606 1911 1781 1973 pslticis
1819 1929 1873 1958 ac

547 1986 743 2033 merulis
792 1986 928 2040 albis,
973 1986 1088 2033 item
1137 1986 1185 2032 id
1226 2002 1384 2048 genus
1433 1985 1578 2032 rebus
1627 1986 1871 2033 inusitatis.

551 2061 728 2122 Neque
768 2060 869 2107 fere
903 2061 949 2106 in
987 2059 1113 2106 uillis
1150 2077 1244 2107 oua
1279 2077 1334 2106 ac
1364 2059 1522 2122 pullos
1560 2060 1753 2114 faciunt,
1793 2060 1873 2106 sed

546 2135 593 2181 in
632 2135 786 2197 syluis.

261 2223 444 2268 Africaneg.
647 2209 856 2256 Gallinae
890 2208 1150 2261 Africanae,
1187 2208 1294 2255 sunt
1326 2209 1551 2272 grandeS,
1580 2209 1739 2264 uariae,
1768 2209 1874 2272 gib-

265 2298 524 2342 Meleagrides.
546 2284 688 2338 berae,
718 2302 839 2346 quas
870 2284 1201 2346 Meleagrides
1240 2284 1399 2331 Graeci
1437 2283 1696 2345 appellant.
1776 2285 1873 2331 Hae

546 2360 809 2406 nouissimae
850 2360 895 2405 in
939 2359 1197 2405 triclinium
1240 2359 1525 2422 ganearium
1569 2359 1869 2414 introierunt,

397 2438 445 2484 [p-
466 2437 571 2484 68]e
602 2435 762 2481 culina
795 2446 995 2496 propter
1028 2434 1269 2479 fastidium
1306 2433 1520 2480 hominu.
1592 2433 1874 2480 Venerunt³

545 2520 745 2571 propter
770 2509 1023 2570 penuriam
1051 2525 1244 2571 magno.
1307 2509 1385 2554 De
1412 2509 1564 2555 tribus
1590 2509 1867 2571 generibus,

543 2584 737 2646 gallina}
786 2584 1066 2646 saginantur
1102 2584 1314 2629 maxime
1363 2583 1583 2647 uillatice.
1662 2584 1762 2630 Eas
1802 2585 1869 2630 in-

614 2667 625 2687 1
654 2666 921 2709 Undoubtedly
940 2666 1001 2699 the
1020 2665 1174 2709 reading
1193 2665 1325 2699 should
1346 2666 1390 2699 be
1406 2666 1498 2699 z—e’v
1520 2664 1870 2709 ἀμούσοιςεειῑηοης

544 2714 650 2746 those
675 2713 760 2745 with
787 2713 879 2746 little
902 2713 1016 2745 voice.
1070 2712 1166 2746 Both
1185 2712 1288 2745 these
1307 2713 1483 2756 proverbs
1501 2723 1562 2746 are
1581 2719 1618 2746 to
1636 2713 1681 2746 be
1700 2711 1813 2746 found
1833 2713 1868 2746 in

544 2760 606 2793 the
624 2759 775 2803 Adages
792 2759 832 2792 of
848 2760 1037 2799 Erasmus,
1058 2759 1150 2792 Chil.
1173 2767 1212 2792 11.
1234 2759 1337 2792 Cent.
1359 2759 1392 2792 ii.
1413 2769 1467 2802 92.

614 2805 626 2826 ²
653 2806 785 2839 Bk111.
806 2817 885 2849 cap.
906 2806 949 2839 ix.

613 2852 626 2873 3
654 2853 714 2890 No
732 2852 847 2886 doubt
866 2864 887 2886 a
906 2852 1074 2895 misprint
1093 2852 1148 2885 for
1166 2851 1476 2885 ‘veneunt'=are
1495 2852 1586 2886 sold.
