1923 3116
220 151 285 196 xii
811 144 1152 192 Introduction

689 278 754 317 De
797 276 1054 332 Vulpansere
1086 278 1142 330 (p.
1183 276 1291 327 156).

309 373 599 425 Chenalopex
621 371 783 424 (inquit
816 371 1038 410 Turnerus
1072 369 1266 422 Anglus)
1289 369 1346 408 ab
1378 380 1530 408 ansere
1560 366 1598 405 &
1627 364 1759 417 uulpe

222 445 382 472 nomen
405 431 594 471 habet...

310 489 368 529 Et
401 501 546 528 rursus
579 487 622 526 in
656 485 844 539 epistola
875 485 930 525 ad
964 498 1046 533 me,
1068 485 1390 537 Vulpanserem
1417 481 1552 534 Angli
1576 483 1701 520 vocat
1735 494 1759 519 a

223 546 486 600 Bergander‚
502 544 759 585 nidulatur
749 557 791 583 1n
816 543 1068 583 61111161110111
1090 542 1227 582 foueis
1252 555 1375 581 more
1398 540 1609 592 uulpium,
1629 544 1760 578 anate

223 605 372 652 maior,
396 604 538 643 minor
559 615 725 649 ansere,
748 602 828 641 alis
852 600 981 641 ruffis.
1046 600 1193 640 Eliota
1216 599 1448 652 Anglus...

724 729 792 769 De
822 730 1025 782 Pygm'go
1056 729 1116 782 (p.
1154 729 1262 779 199).

311 824 407 876 Pyg
409 837 563 876 argum
606 822 768 875 (inquit
811 822 1053 873 Turnerus)
1095 821 1341 861 literatores
1385 821 1566 874 quidam
1610 819 1759 874 inepte

222 888 429 934 trappum
465 880 489 920 a
525 880 757 922 Germanis
790 880 957 919 dictum
994 867 1198 931 (tardam⁷
1232 879 1300 918 uel
1335 879 1600 930 bistardam)
1633 879 1761 918 inter-

223 945 462 991 pretantur.
525 938 613 979 Sed
645 951 868 991 pygargus
900 936 1153 989 Anglorum
1186 936 1348 988 lingua,
1382 936 1463 976 nisi
1497 936 1632 984 fallar,
1659 949 1763 976 erna

223 1003 415 1045 vocatur,
438 1010 493 1036 an
527 1010 638 1036 erne.
704 996 802 1048 Ego
833 1008 984 1034 ernam
1019 995 1151 1034 audio
1179 994 1264 1034 dici
1297 1007 1437 1046 genus
1469 994 1615 1047 aquile
1643 993 1762 1046 quod

224 1055 342 1107 apud
368 1054 529 1093 Frisios
562 1055 616 1094 ad
653 1052 883 1093 Oceanum
919 1052 1231 1093 Germanicum
1266 1066 1343 1105 per
1375 1052 1582 1104 hyemem
1617 1051 1762 1104 degat,

223 1112 367 1152 colore
400 1112 536 1164 nigro,
568 1111 686 1164 quod
719 1111 914 1150 cornices
945 1111 1151 1162 quaedam
1186 1116 1233 1149 ut
1262 1124 1320 1149 ex
1350 1123 1549 1149 escarum
1579 1109 1671 1149 eius
1701 1123 1762 1149 re-

225 1169 372 1223 liquijs
395 1169 597 1209 uictitent
629 1174 880 1221 sequantur.
944 1168 1036 1220 Pyb
1011 1181 1171 1220 &argus
1195 1174 1261 1208 est
1284 1167 1394 1207 forte
1416 1181 1550 1220 quam
1576 1165 1764 1220 Anglice

224 1228 411 1267 dicimus
444 1227 701 1280 ringetayle‚
733 1226 890 1266 Eliota.
955 1225 1044 1267 Sed
1077 1226 1302 1265 Turnerus
1336 1225 1573 1278 ringtalum
1605 1225 1765 1278 Anglis

224 1285 389 1325 dictum
435 1285 490 1324 ab
531 1284 633 1324 albo
675 1283 836 1324 circulo
878 1283 1066 1323 caudam
1109 1284 1421 1331 circumeunte,
1457 1284 1648 1323 buteone
1687 1283 1765 1322 mi-

226 1357 389 1392 norem,
426 1342 750 1382 subbuteonem
796 1341 1048 1381 Aristotelis
1091 1355 1185 1381 esse
1228 1341 1488 1394 suspicatur.
1554 1340 1687 1394 Quod
1731 1342 1765 1380 si

226 1402 369 1441 minor
404 1407 470 1440 est
505 1400 709 1447 buteone,
746 1413 833 1439 non
870 1399 1031 1452 poterit
1069 1413 1163 1439 esse
1199 1413 1436 1452 pygargus.

689 1527 756 1567 De
791 1527 1069 1580 Caprimnssv
1100 1530 1158 1581 (p.
1194 1540 1244 1580 23
1254 1531 1306 1579 5).

313 1619 517 1684 [Having
558 1620 722 1672 quoted
762 1619 950 1672 Turner]
987 1619 1112 1659 Idem
1147 1626 1301 1672 postea
1335 1620 1376 1659 in
1412 1620 1568 1660 litteris
1603 1621 1657 1660 ad
1697 1634 1766 1660 me

228 1677 381 1724 missis,
414 1677 736 1730 caprimulgum
771 1691 817 1717 se
850 1678 1013 1718 uidisse
1045 1677 1194 1717 scribit
1229 1692 1366 1731 prope
1400 1679 1602 1718 Bonnam
1639 1678 1766 1729 (Ger-

228 1735 386 1774 maniae
429 1736 654 1775 ciuitatem
698 1736 753 1775 ad
797 1735 935 1788 ripam
983 1735 1139 1784 Rheni,
1173 1749 1304 1788 supra
1345 1736 1598 1788 Coloniam)
1632 1736 1703 1776 ubi
1743 1736 1767 1775 a

227 1793 360 1845 uulgo
390 1793 639 1846 appellatur
667 1793 970 1845 Nagletrauen‚
994 1793 1036 1833 id
1069 1801 1135 1833 est
1168 1807 1324 1834 coruus
1358 1801 1608 1834 nocturnus.
1674 1794 1766 1834 Nos

227 1851 320 1890 auis
354 1851 467 1890 illius
500 1864 598 1904 quze
629 1850 846 1903 Argetine
879 1858 1061 1891 vocatur
1092 1851 1349 1900 ΛἎι-Χιίνιυιῑ,
1382 1858 1588 1905 corrupto
1621 1851 1764 1892 forsan

227 1909 416 1957 nomine,
438 1909 541 1949 alibi
574 1908 812 1960 lVaclllrap,
838 1909 1028 1962 effigiem
1065 1908 1172 1948 infra
1209 1923 1423 1961 ponemus
1453 1923 1552 1949 cum
1586 1910 1767 1950 historia

229 1967 528 2018 nycticoracis.

730 2056 796 2096 De
831 2057 1036 2098 Candaule
1065 2062 1123 2109 (p.
1159 2063 1270 2108 325

318 2148 486 2187 ...Auis
512 2147 742 2188 Aristoteli
766 2149 975 2202 thraupis,
1002 2149 1201 2203 θραυπὶς,
1219 2151 1337 2190 dicta
1360 2150 1384 2189 a
1409 2149 1529 2190 Gaza
1552 2150 1769 2190 carduelis

228 2206 524 2245 conuertitur:
567 2206 685 2259 quod
720 2207 758 2247 ἃ
796 2207 1039 2247 Hermolao
1072 2208 1292 2260 probatur.
1356 2208 1556 2247 Turnero
1589 2208 1767 2260 quidem

230 2277 315 2303 non
370 2265 644 2312 assenserim,
686 2265 759 2316 qui
812 2265 1052 2305 chloridem
1108 2273 1302 2306 nostram
1348 2265 1596 2318 (Grfinling
1635 2265 1770 2319 uulgo

229 2323 409 2373 vocant)
446 2321 652 2374 thraupin
691 2336 785 2362 esse
819 2323 1009 2375 conijcit.

567 2452 634 2491 De
665 2453 783 2492 Rala
821 2454 1018 2493 tera-esni
1045 2454 1134 2506 (pp.
1168 2453 1429 2503 481—482).

321 2543 539 2583 ...Perdix
573 2545 735 2584 rustica
767 2545 834 2584 vel
866 2545 1073 2585 rusticula
1106 2544 1231 2597 Plinij
1264 2545 1426 2597 (inquit
1465 2544 1688 2584 Turnerus
1725 2545 1766 2584 in

229 2601 416 2653 epistola
458 2602 511 2641 ad
552 2603 642 2654 me)
679 2603 734 2642 ab
778 2603 938 2655 Anglis
975 2610 1156 2643 vocatur
1198 2603 1300 2642 rala.
1364 2603 1445 2642 Est
1488 2609 1635 2642 autem
1679 2602 1770 2642 rala

229 2658 410 2711 dupleX,
442 2659 579 2699 altera
612 2660 757 2700 cibum
791 2659 813 2700 e
846 2662 949 2714 ripis
982 2660 1212 2700 fluminum
1247 2660 1369 2713 petit,
1398 2660 1534 2700 altera
1568 2660 1690 2712 degit
1726 2661 1767 2700 in

230 2717 391 2756 ericeto
424 2717 464 2755 in
502 2717 606 2757 locis
641 2718 939 2770 sylvestribus.
1003 2718 1271 2771 Aquaticam
1307 2717 1425 2758 illam
1461 2717 1658 2759 Coloniae
1693 2717 1767 2757 diu

230 2773 329 2822 alui,
363 2774 400 2814 81
439 2775 553 2814 male
588 2776 736 2815 uolare
769 2776 1051 2829 deprehendi,
1079 2776 1116 2816 δε
1149 2774 1323 2828 egregie
1358 2789 1617 2828 pugnacem.
1681 2775 1769 2815 Ro-

230 2838 368 2871 strum
408 2831 446 2872 &
484 2846 607 2873 crura
645 2836 733 2873 erat
776 2834 916 2882 rubra,
951 2834 1100 2886 plume
1144 2834 1293 2873 multis
1339 2833 1520 2873 maculis
1564 2846 1768 2886 resperse.
