1913 3214
262 1703 358 1738 inde.

546 170 606 214 86
809 168 951 215 Galli
982 174 1023 214 et
1063 168 1613 229 Galliuae—--Galliuago

544 299 636 345 alia
672 300 879 346 candida
915 299 1033 354 sunt,
1062 311 1115 347 ut
1150 299 1482 346 columbarum
1521 298 1567 344 ἃ
1603 297 1865 359 perdicum,

545 376 637 423 alia
663 376 854 438 pallida,
881 390 932 423 ut
963 377 1254 439 palustrium,
1285 377 1377 423 alia
1411 374 1603 438 punffls
1632 372 1866 428 distin&a‚

545 467 596 501 ut
627 454 986 517 Meleagridum
1013 455 1058 502 ἃ
1085 454 1435 517 phafianorum.

633 554 684 593 Iu
716 554 867 607 paucis
899 554 999 608 istis,
1030 569 1130 607 quos
1166 553 1350 605 recensui
1379 553 1609 601 autoribus,
1647 557 1697 592 no
1723 559 1873 604 paucoe

544 623 642 668 fiant
689 623 738 662 de
787 624 920 672 rebus,
961 637 1067 676 quas
1117 623 1361 671 tractauere,
1401 621 1662 674 cotrouerstoe.
1737 620 1872 661 Varro

535 691 689 744 prima
722 691 917 745 gallinas
954 692 1130 745 rusticas
1165 705 1245 731 nou
1283 689 1505 731 uillicatis¹
1535 690 1618 742 sed
1645 689 1874 742 Africanis

533 760 698 812 similes
727 760 799 811 esse
815 759 977 811 scribit.
1043 759 1272 801 Columella
1307 764 1409 800 aute
1442 758 1637 812 rusticam
1672 772 1752 797 uon
1789 757 1872 809 dis-

532 829 720 881 stmilem
761 829 833 880 esse
874 828 1074 868 uillaticoe
1121 828 1267 868 tradit.
1341 828 1477 868 Varro
1506 827 1754 878 Africanas,
1791 840 1872 866 me-

544 898 751 950 leagrides
775 898 902 949 facit,
933 897 1048 950 quod
1075 897 1118 937 ὃ
1148 897 1326 937 Plinius
1355 897 1483 937 etiam
1515 896 1660 948 facere
1693 895 1871 936 uidetur.

549 966 778 1008 Columella
799 972 940 1005 autem
971 965 1110 1018 uarijs
1140 965 1250 1005 notis
1279 965 1519 1016 Africanas
1548 964 1574 1004 a
1607 964 1872 1016 meleagridi-

546 1036 621 1076 bus
661 1035 894 1089 distinguit.
957 1035 1202 1088 Aristoteles
1243 1033 1503 1073 Hadriauas
1535 1033 1731 1086 gallinas
1758 1032 1875 1084 facit

546 1105 706 1152 uarias,
724 1111 772 1144 ut
785 1104 963 1144 Plinius
981 1103 1126 1144 itidem
1137 1103 1267 1155 facit,
1285 1102 1328 1142 ὅτ
1341 1110 1482 1155 paruo
1501 1110 1672 1154 corpore.
1737 1101 1873 1141 Varro

546 1174 798 1225 Africanas,
829 1187 935 1225 quas
968 1187 1047 1212 non
1079 1172 1192 1212 alias
1231 1172 1304 1223 esse
1342 1170 1497 1224 constat
1534 1170 1662 1223 quam
1705 1169 1872 1209 Hadri-

545 1256 664 1291 auas,
688 1243 838 1282 uarias
860 1242 903 1281 &
926 1241 1115 1295 grandes
1134 1241 1260 1292 facit.
1336 1240 1491 1281 Verum
1524 1246 1645 1279 tauta
1675 1245 1872 1279 autorum

547 1311 659 1351 iuter
675 1311 724 1363 se
744 1311 912 1363 disstdia
932 1317 1177 1362 componere,
1196 1317 1323 1362 penes
1344 1323 1408 1349 me
1428 1322 1508 1348 non
1530 1308 1592 1362 est.
1659 1308 1750 1348 Sed
1771 1307 1878 1360 quid

546 1379 597 1419 de
624 1379 853 1432 generibus
894 1379 983 1432 istis
1011 1378 1212 1430 sentiam,
1246 1378 1399 1430 paucis
1433 1377 1632 1430 aperiam.
1698 1375 1875 1417 Gallina

546 1448 663 1500 apud
696 1462 768 1487 nos
804 1447 958 1500 rustica
999 1446 1206 1498 nusquam
1249 1445 1467 1497 reperitur,
1495 1445 1540 1497 si
1571 1444 1744 1497 gallina
1787 1444 1874 1492 illa,

545 1529 674 1567 quam
698 1516 974 1555 morlieunam
997 1521 1147 1554 uocant
1168 1528 1247 1554 nou
1264 1513 1337 1566 stt,
1358 1527 1487 1565 quam
1510 1513 1648 1565 uarijs
1674 1513 1724 1552 de
1743 1512 1876 1564 caufis

398 1584 446 1630 [p.
469 1584 526 1630 71]
546 1585 642 1622 ante
691 1590 927 1635 attagenem
977 1583 1050 1635 csse
1097 1582 1255 1622 conieci.
1319 1580 1555 1622 Columella
1603 1581 1894 1633 meleagrides·

263 1668 284 1691 3
302 1657 376 1690 kok
394 1657 434 1691 of

547 1652 751 1691 uidentur
783 1651 867 1690 illa
895 1652 968 1703 csse
998 1664 1108 1698 aues,
1139 1663 1245 1703 quas
1276 1649 1473 1689 nonnulli
1490 1656 1680 1701 pauoues
1707 1648 1875 1688 Indicos

545 1720 782 1772 appellant:
824 1733 925 1759 nam
959 1719 1057 1759 illas
1081 1718 1237 1771 paleis²
1265 1718 1309 1757 ὃ
1336 1717 1472 1770 cristis
1498 1716 1682 1757 caeruleis
1712 1717 1795 1768 esse,
1829 1716 1873 1755 in

545 1789 715 1841 coufeſj'o
752 1788 815 1842 est.

905 1905 997 1944 DE
1042 1902 1517 1945 GALLJNAGJNE.

633 1982 937 2036 Ασκαλώπαξ,
966 1985 1201 2038 gallinago,
1233 1984 1413 2037 Auglice
1448 1998 1475 2023 a
1508 1982 1625 2023 uuod
1650 1982 1731 2030 cok,
1769 1981 1871 2022 Ger-

546 2054 708 2094 manice
731 2064 801 2105 eim
827 2054 910 2106 bost}
933 2054 1058 2106 snepff.

1012 2144 1366 2191 ARISTOTELES
1382 2147 1405 2190 ³.

649 2231 911 2295 Gallinago
937 2249 1023 2294 per
1048 2232 1213 2294 sepes⁴
1239 2231 1488 2278 hortorum
1515 2230 1713 2292 capitur,
1741 2246 1874 2292 mag-

548 2309 767 2356 nitudine
805 2322 989 2371 quanta
1024 2308 1204 2372 gallina
1234 2308 1312 2363 est,
1341 2308 1490 2355 rostro
1524 2307 1683 2370 longo,
1712 2305 1872 2356 colore

546 2397 803 2449 attagenae‚
834 2387 978 2432 currit
1005 2385 1236 2440 celeriter,
1267 2385 1313 2432 ἃ
1339 2385 1587 2432 hominem
1615 2384 1733 2430 mire
1768 2382 1873 2429 dili-

545 2465 628 2527 git.
712 2465 837 2510 Haec
875 2465 921 2510 in
955 2464 1127 2511 arbore
1162 2467 1440 2525 nunquam⁵
1473 2463 1615 2516 sedet,
1658 2461 1703 2508 ἃ
1740 2460 1872 2506 humi

547 2541 802 2588 nidulatur.

616 2635 626 2655 ¹
653 2636 685 2668 A
704 2635 876 2679 misprint
896 2634 950 2668 for
970 2633 1185 2668 ‘uillaticis.'

615 2689 628 2710 ‘³
656 2691 821 2734 Perhaps
840 2691 902 2724 the
922 2690 1075 2733 reading
1095 2690 1226 2723 should
1245 2690 1291 2723 be
1310 2688 1434 2733 galeis,
1454 2689 1496 2722 cs.
1517 2700 1550 2733 p.
1570 2689 1625 2732 69,
1645 2688 1679 2722 11.
1700 2688 1801 2729 6—7.

617 2743 630 2764 3
655 2745 756 2778 Hz'st.
777 2745 851 2778 An.
875 2745 930 2777 Bk
950 2753 1003 2778 IX.
1028 2754 1101 2777 102.
1122 2744 1176 2777 66.

614 2797 626 2818 4
653 2798 830 2832 Aristotle
849 2799 915 2832 has
934 2799 971 2832 in
990 2796 1413 2842 addition—&mmmm
1432 2803 1523 2831 nets.

614 2852 627 2873 ⁵
652 2854 753 2886 Hist.
774 2853 849 2886 An.
873 2853 929 2886 Bk
948 2861 1002 2886 IX.
1021 2852 1076 2886 66.
