1913 3214
255 919 392 964 Pipers.

538 157 566 199 9
573 144 600 186 6
983 140 1029 186 G
1032 140 1252 186 rus—H
1249 140 1426 186 z'rundo

537 289 645 320 cere
677 272 861 335 possint,
889 272 935 319 ἃ
961 272 990 319 s1
1018 273 1172 319 nubes
1199 272 1614 335 tempestatem'ue
1640 273 1861 327 uiderint,

537 350 793 398 conferunt
818 351 864 397 se
891 351 937 396 in
964 356 1104 405 terra,
1135 351 1181 397 ἃ
1207 350 1340 396 humi
1366 351 1594 412 quiescut.
1674 351 1865 397 Ducem

537 429 683 475 etiam
722 428 915 483 habent,
951 428 997 475 &
1034 445 1131 483 eos,
1160 429 1243 490 qui
1282 428 1505 483 clament,
1546 428 1781 490 disposlti¹
1819 429 1866 475 in

537 518 758 554 extremo
793 507 1002 570 agmine,
1044 518 1096 553 ut
1145 524 1240 554 uox
1289 507 1471 569 percipi
1515 507 1664 569 possit.
1740 507 1865 554 Cum

537 585 805 640 consistunt,
847 585 1007 632 caeteri
1046 585 1305 639 dormiunt,
1347 586 1505 647 capite
1542 585 1704 632 subter
1739 585 1862 632 alam

537 663 747 716 condito,
792 663 990 710 alternis
1024 663 1231 724 pedibus
1269 663 1548 711 insistentes,
1622 664 1738 709 Dux
1786 664 1867 709 de-

538 740 669 788 meto
718 741 887 803 capite,
927 741 1166 803 prospicit,
1218 740 1264 787 ἃ
1311 741 1443 803 quod
1491 740 1695 795 senserit,
1746 758 1866 787 uoce

538 818 786 882 fignificat.

635 913 670 952 V
674 912 829 965 zpiones
851 912 968 953 Plz‘n.
999 912 1203 953 dicuntur
1232 913 1414 952 minores
1437 926 1569 964 grues
1598 912 1640 952 ὃ
1673 911 1868 961 iuniores,

387 982 436 1028 [p.
458 982 516 1028 78]
536 987 584 1020 ut
605 981 795 1033 pz'piones
827 981 1012 1021 iuniores
1042 982 1247 1022 dicuntur
1275 981 1478 1021 columboe.
1541 981 1677 1032 Apud
1703 981 1868 1033 Anglos

535 1051 664 1090 etiam
696 1050 957 1089 m'dulantur
978 1064 1110 1102 grues
1141 1051 1185 1090 in
1218 1051 1316 1090 locis
1337 1050 1611 1103 palustribus,
1646 1050 1689 1088 ὃ
1719 1063 1866 1089 earum

526 1119 716 1170 pzpiones
745 1119 965 1171 scepisfime‘
1000 1119 1104 1167 uidi,
1134 1120 1246 1172 quod
1278 1120 1454 1171 quidam
1495 1125 1614 1158 extra
1655 1117 1866 1170 Anglz'am

537 1189 640 1236 nati,
665 1188 836 1240 falsum
868 1190 942 1241 effe
973 1189 1236 1228 contendunt.

941 1341 1029 1381 DE
1070 1341 1188 1380 HIR
1206 1340 1465 1380 VNDINE.

624 1425 831 1472 Χελιδών,
855 1427 1050 1476 larundo,
1073 1427 1256 1480 Anglice?
1280 1427 1307 1466 [ὲ
1327 1427 1593 1478 snuallomtc,
1621 1425 1869 1467 Germanice*

538 1506 608 1547 eim
646 1496 811 1547 scbnmlb.
875 1494 1120 1535 saxonibus
1151 1494 1208 1547 est
1237 1506 1307 1544 emi
1345 1495 1465 1546 [unaue.

1007 1592 1360 1638 ARISTOTELES
1374 1594 1397 1637 ².

642 1686 870 1732 Hirundo
896 1687 1121 1732 carnibus
1147 1686 1363 1740 uescitur,
1395 1686 1469 1731 bis
1497 1685 1542 1731 in
1569 1702 1698 1732 anno
1723 1686 1860 1747 parit,

537 1764 583 1811 ἃ
624 1774 726 1810 tota
763 1763 939 1825 hyeme
977 1763 1106 1810 latet.
1182 1764 1400 1810 Omnino
1438 1764 1560 1809 ratio
1597 1764 1862 1818 brutorum,

538 1847 717 1904 magna
755 1841 902 1888 refert
947 1841 1058 1887 uitae
1107 1841 1318 1904 humane
1361 1840 1717 1887 fimilitudinem
1768 1858 1864 1886 ma-

536 1919 611 1982 gis
643 1939 656 1968 3
683 1919 729 1965 in
757 1919 929 1965 minori
956 1936 1152 1982 genere,
1179 1921 1326 1980 quam
1354 1919 1400 1964 in
1428 1919 1623 1965 maiore.
1686 1918 1865 1964 uideris

538 1997 873 2059 intelligentiae
911 1997 1162 2051 rationem,
1204 1996 1335 2058 quod
1374 1996 1581 2057 primum
1620 1996 1666 2042 in
1703 1996 1864 2042 auium

536 2092 719 2137 genere
746 2074 955 2121 hirundo
981 2075 1027 2120 in
1054 2074 1336 2136 effingendo
1368 2073 1717 2137 costituendodp
1750 2074 1865 2120 nido

536 2153 758 2204 ostendit,
811 2152 1047 2215 confingit
1106 2152 1340 2214 implicito
1399 2152 1512 2205 luto,
1566 2151 1756 2198 festucis
1804 2152 1863 2198 ad

539 2248 759 2277 normam
809 2230 994 2277 lutariae
1043 2229 1342 2292 paleationiS‚
1395 2230 1441 2276 ἃ
1490 2230 1519 2275 fi
1568 2230 1730 2292 quado
1778 2229 1863 2276 luti

538 2309 701 2371 inopia
737 2308 817 2363 est,
855 2308 900 2355 se
939 2308 1036 2370 ipsa
1073 2308 1415 2362 madefaciens,
1456 2307 1640 2354 uolutat
1681 2309 1727 2354 in
1764 2307 1864 2370 pul-

391 2390 439 2436 [p-
460 2389 518 2436 79]
538 2403 701 2433 uerem
739 2386 966 2433 omnibus
1002 2386 1186 2447 pennis.
1263 2384 1543 2447 Stragulum
1583 2385 1727 2432 etiam
1754 2385 1866 2431 facit

539 2481 672 2511 more
721 2464 971 2510 hominum
1012 2463 1203 2509 duriore
1252 2463 1460 2524 primu1n
1508 2463 1774 2525 subijciens
1819 2461 1864 2508 ἃ

538 2542 727 2589 modice
786 2553 941 2588 totum
1000 2540 1323 2595 consternens
1380 2557 1467 2601 pro
1526 2540 1591 2585 sui
1646 2539 1862 2601 corporis

539 2619 889 2682 magnitudine.

608 2730 619 2751 ¹
645 2730 653 2745 ‘
667 2729 855 2774 dispositi'
875 2730 904 2763 is
923 2729 1010 2763 here
1029 2729 1245 2773 apparently
1264 2729 1448 2763 attracted
1467 2736 1504 2762 to
1524 2729 1627 2773 ‘qui.’

608 2785 620 2805 2
649 2786 745 2818 Four
771 2796 948 2828 passages
974 2797 1036 2818 are
1063 2785 1321 2828 incorporated
1350 2785 1386 2818 in
1418 2785 1588 2818 Turner’s
1621 2783 1864 2817 selection:—-

538 2841 637 2874 Hz'st.
657 2840 733 2873 An.
759 2839 812 2872 Bk
829 2848 912 2873 VIII.
935 2849 988 2882 39,
1009 2840 1066 2873 Bk
1084 2848 1134 2873 VI.
1155 2840 1209 2883 36,
1232 2840 1287 2873 Bk
1306 2848 1392 2873 vul.
1417 2849 1478 2881 107
1499 2840 1572 2873 and
1596 2839 1649 2872 Bk
1669 2846 1721 2872 1x.
1739 2846 1792 2882 51,
1810 2847 1862 2882 52.
