1913 3214
218 1244 248 1278 C
248 1255 432 1278 ornemus

203 1291 275 1334 seu
296 1292 460 1335 Mmjgus.

507 149 528 178 2
535 137 598 180 06
1037 134 1304 196 Appendz'x

502 269 712 309 cuniculis
753 270 857 309 bina
894 284 1056 323 magna
1089 285 1146 311 ex
1185 278 1317 323 parte.
1382 271 1479 310 Alis
1521 284 1607 311 non
1650 270 1830 312 confidit

502 338 576 377 nist
618 337 851 391 conspecto
903 340 1022 378 mari.
1086 340 1264 392 Pigrum
1317 339 1488 379 videtur
1539 339 1713 388 animal,
1758 339 1828 379 sed

502 408 654 458 iniurie
686 409 868 461 patiens,
930 408 1130 449 Vescitur
1158 423 1286 448 carne
1309 408 1528 449 lubentius
1551 407 1682 461 quam
1707 409 1830 462 pisce,

503 476 540 516 ἃ
563 477 750 517 cuniculi
774 477 907 530 quam
930 477 1107 517 alterius
1130 478 1344 526 animalis,
1367 478 1435 518 sed
1459 485 1644 530 Vtroque
1671 479 1829 519 crudo:

501 544 625 586 cocta
668 546 705 586 &
747 546 832 586 assa
875 545 1043 598 respuit.
1107 546 1262 596 Cetera
1305 560 1390 586 non
1429 547 1607 599 attingit
1639 547 1832 587 humana

500 613 656 663 edulia.
718 614 898 654 Aestate
935 614 974 654 se
1008 614 1137 663 lauat,
1170 614 1240 654 sed
1273 628 1509 667 nunquam,
1541 614 1658 666 quod
1691 614 1830 655 obser-

501 684 677 723 uatione
708 683 977 736 deprehendi
1010 683 1161 736 potest,
1193 684 1327 724 bibit:
1363 698 1417 724 an
1444 682 1561 737 quod
1595 698 1707 736 aqua
1740 697 1829 724 ma-

502 753 593 792 rina
626 753 812 801 carebat,
846 752 995 793 nescio.
1058 753 1407 794 Excrementum
1431 753 1517 793 alui
1541 753 1599 792 illi
1623 753 1681 793 est
1703 753 1830 806 quale

502 822 707 875 accipitri.
771 822 883 863 Cum
927 835 1013 861 non
1057 822 1159 862 esset
1192 823 1309 874 quod
1348 822 1505 870 ederet,
1545 823 1689 862 cibum
1723 836 1830 862 voce

503 892 689 932 naturali
711 893 934 944 geminata
958 892 995 932 &
1022 892 1248 940 summissa,
1274 893 1422 945 pupin,
1444 893 1579 945 pupin
1603 893 1828 933 clamitan-

503 961 572 1009 do,
595 960 867 1013 implorabat.
929 960 1120 1001 Alebam
1151 961 1270 1001 domi
1304 975 1413 1001 meae
1447 962 1501 1001 ad
1526 961 1691 1002 menses
1718 959 1828 1002 octo.

505 1029 741 1069 Mordebat
758 1029 957 1070 lubenter
975 1029 1266 1070 ministrantes
1284 1030 1441 1080 cibum,
1457 1037 1531 1070 aut
1549 1031 1829 1083 attingentes,

503 1097 573 1138 sed
606 1099 836 1151 benignius
871 1106 1003 1152 atque
1037 1099 1321 1140 innocentius.
1384 1100 1563 1153 Exiguo
1599 1100 1697 1140 cibo
1734 1100 1830 1140 sati-

503 1175 609 1209 atur.
675 1169 773 1208 Non
808 1169 922 1208 enim
950 1182 1088 1208 vorax
1118 1169 1211 1208 auis
1241 1168 1300 1208 est
1328 1175 1375 1208 vt
1399 1168 1646 1209 Coruorans
1678 1168 1830 1218 noster,

502 1252 632 1291 quem
665 1245 711 1278 tu
745 1237 951 1290 (Gesnere
983 1238 1249 1288 charissime)
1281 1252 1459 1278 coruum
1498 1239 1748 1291 aquaticum
1793 1239 1830 1279 ἃ

504 1322 700 1360 mergum
733 1305 848 1347 recte
881 1308 1092 1355 nominas,
1116 1307 1243 1347 nostri
1272 1307 1606 1348 Cormorantem
1630 1307 1830 1361 corrupte

501 1378 665 1425 dicunt,
687 1377 923 1418 nescientes
956 1391 1013 1417 ex
1045 1377 1161 1417 vocis
1194 1384 1359 1430 aetymo
1392 1391 1570 1417 coruum
1602 1385 1829 1418 vorantem

502 1448 711 1501 appellari
750 1447 918 1487 debere.
983 1447 1114 1500 Quod
1148 1447 1403 1487 naturaliter
1436 1446 1550 1495 facit,
1582 1461 1680 1487 cum
1714 1447 1773 1487 illi
1806 1447 1830 1488 a

503 1523 657 1557 natura
679 1517 854 1556 vnicum
879 1522 1052 1556 tantum
1077 1515 1326 1556 intestinum
1351 1515 1436 1556 slne
1465 1516 1571 1556 elice
1592 1516 1658 1567 (vt
1690 1516 1831 1569 aiUnt)

503 1584 667 1626 rectum
711 1585 758 1625 s1t
800 1585 1056 1634 concessum,
1098 1592 1275 1638 propter
1315 1585 1638 1625 vehementiam
1677 1586 1830 1626 caloris

501 1653 723 1702 naturalis,
745 1650 947 1692 citissime
971 1651 1237 1692 absumentis
1260 1666 1357 1705 quae
1381 1652 1651 1692 assumuntur
1672 1653 1830 1694 omnia.

802 1885 869 1926 De
901 1885 1169 1939 Spervmlogo
1188 1885 1266 1938 fi’n
1298 1884 1543 1937 Fragilega.

591 2015 905 2069 Spermologus
949 2015 1090 2055 noster
1131 2014 1154 2054 a
1187 2014 1357 2054 cornice
1391 2014 1513 2066 nigra
1546 2014 1664 2054 nulla
1706 2015 1748 2054 in
1787 2029 1830 2055 re

503 2084 658 2132 differt,
696 2084 769 2124 nifi
807 2087 929 2124 morfi
963 2084 1224 2132 innocentia,
1258 2081 1471 2137 προλόβῳ
1514 2083 1582 2122 seu
1626 2083 1830 2135 ingiuuie,

329 2160 365 2206 [f.
387 2160 484 2206 2213]
503 2169 589 2208 qua
631 2168 814 2207 granum
858 2154 1044 2206 legendo
1086 2153 1294 2200 continet,
1327 2158 1372 2191 vt
1414 2151 1469 2191 ad
1513 2152 1608 2191 suos
1647 2152 1827 2193 referat:

503 2224 581 2275 (est
608 2224 723 2263 enim
757 2222 1025 2275 gutturosus)
1048 2222 1148 2262 albo
1180 2221 1303 2269 callo,
1326 2221 1397 2273 qui
1432 2220 1473 2259 in
1502 2220 1669 2261 summo
1699 2221 1831 2262 rostro

504 2293 562 2334 est
596 2294 650 2333 ad
693 2299 851 2345 caput:
899 2292 935 2332 81
978 2305 1095 2339 voce,
1136 2303 1268 2343 quam
1311 2290 1443 2329 habet
1483 2289 1748 2342 gutturalem
1792 2290 1829 2330 δι

503 2376 689 2402 raucam.
752 2362 883 2402 Vnde
918 2361 1055 2401 forsan
1093 2359 1254 2407 nostris,
1287 2359 1444 2412 quibus
1477 2359 1655 2399 nomina
1688 2374 1829 2400 rerum

504 2432 641 2472 multa
672 2431 831 2471 Latina
861 2431 955 2470 sunt
985 2430 1021 2470 δι
1054 2429 1192 2479 Greca
1214 2429 1293 2481 (vti
1325 2429 1434 2468 libro
1462 2428 1604 2468 nostro
1633 2429 1688 2468 de
1720 2428 1830 2481 sym-

503 2500 665 2553 phonia
693 2513 850 2539 vocum
885 2499 1233 2538 Britannicarum
1267 2496 1482 2548 diximus)
1504 2510 1631 2536 rouce
1663 2496 1830 2545 dicitur,

503 2567 619 2620 quasi
643 2581 770 2607 rauce
795 2566 965 2619 Anglis‚
988 2580 1141 2606 raucus
1166 2565 1336 2605 Latinis
1368 2564 1415 2604 s1t
1444 2565 1682 2604 dicendus:
1711 2562 1828 2604 victu

503 2650 678 2689 quoque
715 2635 739 2675 a
777 2649 908 2675 coruo
952 2634 1108 2683 differt,
1143 2632 1259 2686 quod
1302 2633 1532 2681 frumento,
1573 2632 1748 2680 hordeo,
1791 2632 1828 2672 &

504 2711 648 2753 cetero
671 2703 829 2743 semine
850 2703 985 2754 (vnde
1008 2715 1166 2742 nomen
1191 2698 1497 2756 σπερμολόγου
1519 2700 1684 2739 inuenit
1713 2700 1827 2752 apud

505 2772 686 2822 Grecos)
709 2772 898 2812 vescitur.
960 2770 1157 2811 Vescitur
1180 2769 1217 2809 ἃ
1240 2769 1471 2816 vermibus,
1493 2768 1564 2808 vbi
1590 2768 1722 2820 frugis
1746 2768 1828 2807 fru-

505 2839 728 2892 mentic'lue
755 2841 882 2892 copia
914 2852 1000 2879 non
1034 2838 1102 2879 est.
1170 2839 1285 2878 Hinc
1309 2837 1447 2877 rustici
1473 2837 1600 2876 nostri
1624 2837 1829 2876 dubitant
