1913 3214
292 1064 341 1112 [p·
362 1064 422 1112 23]

225 1469 247 1492 a
264 1458 482 1502 bergander.

517 148 576 191 24
1095 133 1147 180 Α
1156 151 1272 181 nser

612 268 803 315 Anseru
845 269 1040 332 generis
1090 269 1197 316 sunt
1243 268 1527 331 Penelopes,
1573 268 1619 315 ἃ
1666 268 1844 331 quibus

510 378 740 427 lautiores
784 380 953 443 epulas
991 381 1244 427 Britannia
1282 398 1379 427 non
1429 380 1578 435 nouit,
1619 378 1844 426 chenalo-

510 508 669 553 peceS,
733 491 900 539 ansere
959 491 1060 539 fere
1120 492 1346 539 minores.
1420 501 1576 541 Altera
1600 501 1665 553 fic
1699 500 1845 541 nabet:

511 603 738 651 Anserini
797 605 994 668 generis
1049 605 1157 651 sunt
1210 603 1564 666 chenalopeces
1614 603 1660 650 ἃ
1705 599 1843 666 quib⁹

510 715 742 763 lautiores
768 716 937 778 epulas
967 717 1220 763 Britannia
1246 721 1308 763 n&
1345 716 1492 770 nouit,
1521 715 1843 763 chenerotes¹.

599 883 815 938 Posterior
854 884 970 924 lectio
1011 881 1140 925 milzi'
1170 882 1312 937 magis
1350 883 1617 936 approbatur,
1658 896 1760 923 nam
1803 883 1846 923 ἃ

511 994 585 1020 nos
615 994 702 1020 una
733 994 812 1020 aue
851 980 1080 1033 locupletat,
1113 987 1154 1020 et
1177 981 1390 1033 penelopes
1430 979 1608 1020 anatim·
1636 980 1784 1033 potius
1822 983 1848 1033 ᾇ

511 1077 703 1129 anserini
713 1078 886 1131 generis
900 1078 1083 1118 eruditis
1094 1079 1166 1130 esse
1184 1078 1394 1119 uidentur.
1437 1078 1473 1119 S
1474 1079 1528 1118 ed
1540 1076 1748 1131 quoe‘nam
1764 1079 1851 1133 istae

511 1187 622 1224 aues,
657 1174 700 1214 ὃ
737 1174 889 1227 quibus
923 1174 1167 1215 nominibus
1197 1175 1316 1227 apud
1341 1175 1542 1228 nostrates
1571 1175 1848 1228 appellantur,

511 1271 646 1312 dicere
683 1272 856 1312 tentabo.
921 1271 1187 1324 Clienalopex,
1219 1272 1271 1312 ab
1302 1272 1446 1324 austere
1475 1278 1514 1312 et
1545 1272 1667 1325 uulpe
1699 1285 1846 1311 nomen

509 1367 641 1416 liabet,
665 1368 708 1408 ὃ
736 1369 895 1408 Latine
925 1368 952 1408 a
988 1368 1108 1409 Gaza
1141 1368 1368 1421 nulpanser
1397 1369 1567 1409 dicitur.
1629 1368 1849 1422 Nostrates

508 1461 630 1503 ltodie
661 1463 946 1517 bergandrnm
980 1464 1184 1512 nominat,
1211 1471 1338 1504 anate
1366 1463 1534 1517 longior
1563 1464 1607 1504 ὦ
1631 1464 1849 1517 grandior

510 1562 736 1614 uulpanser
769 1562 832 1615 ιβ,
855 1563 1023 1614 ῤεῖονε
1059 1563 1306 1615 ruſj‘escente,
1342 1563 1385 1602 in
1413 1562 1539 1615 aquis
1570 1562 1695 1615 degit,
1725 1561 1768 1601 ἃ
1801 1562 1846 1602 in

507 1659 752 1699 cuniculoru
771 1660 926 1711 foueis.
989 1660 1204 1700 interdum
1237 1660 1281 1700 ἃ
1314 1660 1357 1700 in
1388 1660 1641 1712 excelsarum
1675 1660 1845 1713 rupium

507 1757 703 1797 cauernis
724 1757 853 1807 (unde
871 1758 990 1808 forte
1020 1771 1167 1797 nomen
1198 1757 1251 1797 ab
1282 1756 1665 1809 Anglosaxonibus,
1697 1756 1848 1810 nostris

497 1853 701 1905 patribus
730 1854 917 1906 sortitus
957 1854 1033 1908 est)
1071 1854 1276 1908 nidificat.
1338 1853 1566 1905 Nusquam
1604 1851 1717 1892 alias
1753 1850 1847 1892 uul-

497 1951 719 2003 panserem
758 1952 863 2000 uidi,
905 1952 985 2005 nist
1027 1953 1070 1992 in
1121 1951 1283 2003 Tanlist
1307 1950 1463 2004 fluuio.
1525 1949 1672 1989 Aiunt
1703 1955 1844 1988 tamen

496 2049 734 2100 fi'equetem
756 2050 829 2100 eſje
851 2049 895 2088 in
927 2049 1065 2101 iufitla
1095 2048 1228 2088 Tenia
1257 2054 1416 2096 uocata,
1436 2046 1479 2086 Cr
1503 2046 1591 2086 illic
1619 2045 1663 2085 in
1684 2043 1846 2097 scrobi-

509 2147 584 2187 bus
627 2146 916 2187 cuniculorum
965 2146 1170 2186 nidulari.
1231 2145 1432 2185 Moribus
1477 2144 1708 2184 admodum
1751 2143 1845 2183 uul-

499 2243 622 2295 pinz's
656 2244 718 2297 ιβ.
782 2258 881 2284 nam
916 2244 1019 2284 dum
1057 2244 1190 2284 teneri
1219 2243 1357 2283 adliuc
1379 2243 1499 2295 pulli
1525 2242 1643 2294 fiunt,
1673 2242 1718 2294 st
1750 2242 1847 2295 quis

507 2353 571 2379 eos
610 2347 777 2393 captare
817 2347 953 2389 tentet,
976 2341 1199 2393 prouoluit
1225 2341 1315 2393 sese
1346 2340 1572 2393 uulpanstr
1601 2346 1698 2379 ante
1718 2338 1846 2391 pedes

507 2437 729 2488 captantis,
761 2437 880 2490 quast
911 2438 999 2477 iam
1029 2438 1130 2490 capi
1157 2438 1288 2490 posstt‚
1323 2444 1404 2490 atq;
1447 2437 1509 2478 ita
1545 2436 1683 2477 allicit
1716 2436 1779 2476 ad
1793 2435 1844 2487 se

508 2534 755 2586 capiendam
793 2534 1016 2583 nominem,
1046 2535 1173 2587 eousq;
1206 2535 1309 2575 dum
1331 2534 1450 2587 pulli
1476 2534 1712 2587 effitgiant:
1750 2539 1839 2573 tum

509 2629 591 2681 ipse
609 2630 758 2670 auolat
778 2630 822 2670 ὅ
845 2636 1010 2670 reuocat
1023 2630 1194 2683 prolem.
1249 2629 1492 2670 Clienerotes
1512 2627 1720 2681 quae'nam
1742 2642 1844 2668 aues

496 2726 600 2778 stnt,
631 2733 737 2779 puto
768 2726 1044 2779 paucissimos
1075 2725 1197 2765 hodie
1234 2725 1317 2777 csse,
1347 2725 1424 2777 qui
1455 2731 1672 2765 nonerunt.
1734 2726 1838 2779 Neq:

875 2849 887 2870 ¹
913 2850 1017 2884 Hist.
1035 2849 1125 2883 Nat.
1147 2848 1225 2882 Lib.
1245 2856 1282 2882 X.
1303 2859 1382 2893 cap.
1401 2848 1483 2882 xxii.
