1913 3214
140 547 279 581 Circus,

139 638 161 675 †
170 635 343 681 pecuarie

138 800 266 834 Buteo.

139 1058 344 1103 Cymindis.

430 165 446 195 1
457 152 486 195 6
953 149 1005 195 Α
1011 149 1233 211 ccipz'tres

969 328 1214 374 PL1N1Us1.

516 456 823 519 Accipitrum
853 473 1038 519 genera
1066 455 1275 503 sedecim
1309 454 1600 502 inuenimus.
1676 453 1758 499 Ex

423 539 480 602 ijs
529 540 691 587 circon
749 539 974 587 claudum
1032 539 1186 587 altero
1245 539 1385 601 pede,
1448 536 1757 600 prosperrimi

420 624 610 688 augurij
641 624 939 687 nuptialibus
966 623 1196 686 negocijS‚
1228 622 1274 670 δε
1297 621 1627 684 †pecuniariae
1654 620 1754 667 rei2.

423 708 696 755 Triorchen
754 711 783 755 a
838 725 1042 754 nurnero
1097 707 1251 761 testifl,
1310 706 1386 752 cui
1431 704 1757 768 principatum

422 792 468 838 in
524 793 745 856 augurijs
804 792 1076 838 Phoemone
1132 790 1299 837 dedit:
1357 790 1574 836 buteone
1630 789 1758 835 hunc

421 875 671 939 appellant
724 877 866 923 Rom.
920 874 1167 922 Aesalona
1217 874 1379 921 Graeci
1434 885 1623 928 uocant,
1675 873 1758 936 qui

421 961 546 1008 solus
605 961 738 1008 omni
799 970 971 1023 tepore
1032 970 1249 1023 apparet.
1341 958 1520 1006 Caeteri
1581 957 1758 1021 hyeme

421 1045 616 1092 abeunt.
696 1045 983 1091 Nocturnus
1010 1044 1242 1106 accipiter
1267 1042 1511 1104 cymindis
1538 1052 1754 1097 uocatur,

271 1120 321 1167 [P-
345 1120 401 1167 17]
420 1145 555 1174 rarus
592 1128 741 1175 etiam
781 1128 829 1174 in
868 1128 1025 1190 syluis,
1069 1127 1280 1174 interdiu
1318 1126 1480 1172 minus
1519 1142 1759 1172 cernens:

132 2117 261 2151 Buteo.

128 2411 270 2445 Aesalo.

419 1211 599 1258 bellum
645 1212 1004 1259 internecinum
1046 1228 1155 1257 cum
1192 1209 1356 1273 aquila
1389 1210 1547 1272 gerit:
1597 1208 1757 1256 cohae-

418 1295 628 1359 rentesdp
662 1295 786 1358 saepe
822 1295 1226 1358 praehenduntur.
1305 1294 1431 1341 Haec
1474 1293 1673 1339 Plinius.

508 1436 767 1490 Quanquam
790 1437 828 1476 A
841 1437 1040 1488 ristoteles
1061 1436 1194 1476 decem
1217 1435 1297 1487 esse
1321 1434 1572 1487 accipitrum
1596 1447 1759 1487 genera

417 1513 576 1561 tradat,
611 1514 655 1554 ὃ
686 1512 868 1552 Plinius
887 1510 1068 1563 stdecim
1086 1525 1099 1550 .·
1141 1516 1290 1550 neuter
1320 1515 1460 1549 tamen
1492 1508 1644 1548 storum
1677 1508 1763 1548 lzoec

420 1587 482 1627 ita
504 1586 707 1638 distinxit
727 1599 897 1639 genera,
925 1585 968 1624 &
993 1583 1221 1636 descripsit,
1251 1589 1299 1623 ut
1317 1582 1506 1635 procliue
1523 1582 1592 1634 sit
1617 1582 1763 1623 lectori

406 1661 542 1713 suum
577 1661 725 1713 cuique
756 1659 975 1712 peculiare
1009 1672 1157 1698 nomen
1198 1672 1250 1697 ex
1290 1657 1465 1698 illerum
1497 1655 1762 1709 proescriptis

419 1736 637 1789 imponere.
703 1734 848 1784 Quare
871 1734 897 1774 a
927 1748 991 1773 me
1018 1747 1136 1773 nemo
1164 1732 1316 1772 lterum
1344 1732 1535 1772 exactam
1564 1731 1760 1783 differen-

418 1809 539 1858 tiam,
562 1810 606 1849 ὦ
626 1809 821 1861 cuiusque
850 1822 997 1848 nomen
1021 1806 1327 1846 Britannicum
1349 1812 1428 1846 aut
1458 1804 1761 1847 Germanicum

417 1899 509 1925 cmn
539 1884 700 1924 Latino
730 1883 773 1923 ὅτ
810 1882 952 1924 Groeco
981 1881 1259 1928 conimfflzma,
1287 1879 1380 1920 iure
1398 1879 1558 1931 poterit
1588 1879 1760 1933 exigere.

417 1960 510 2012 Ego
552 1965 704 2005 tamen,
747 1958 863 2010 quod
899 1970 1046 1996 nomen
1088 1955 1406 2002 Britannicum,
1447 1955 1553 2007 cuiq:
1597 1954 1761 1995 Latino

418 2033 687 2086 imponedum
724 2033 798 2085 esse
829 2030 974 2083 censeo,
1008 2030 1198 2070 lectorem
1237 2028 1414 2068 minime
1444 2028 1590 2069 celabo.

503 2108 637 2148 Buteo
668 2105 872 2162 τριόρχης
909 2106 1049 2147 Grac&
1079 2105 1232 2152 dicius,
1265 2104 1511 2156 Anglorum
1544 2103 1761 2144 busliarda

417 2183 479 2236 est,
512 2182 592 2235 nist
612 2183 786 2235 fallar:
825 2195 926 2221 nam
960 2180 1092 2220 miluo
1124 2178 1423 2232 magnitudine
1452 2178 1759 2231 oequzparatur,

405 2255 609 2310 se7nperq';
650 2257 730 2309 ipse
765 2256 966 2303 cernitur,
1000 2254 1167 2308 qualem
1201 2253 1447 2307 Aristoteles
1475 2254 1620 2293 offano
1650 2252 1759 2293 libro

417 2333 467 2372 de
497 2332 670 2386 ltistoria
701 2330 962 2371 animalium
995 2330 1208 2370 buteonem
1239 2327 1443 2380 describit.

506 2405 730 2454 Αισάλων,
761 2405 964 2459 quoniam
1009 2404 1130 2444 iuxta
1166 2403 1314 2457 Plz'm'j
1340 2402 1599 2454 sententiam
1640 2402 1762 2442 omni

417 2488 596 2534 tempore
615 2487 798 2534 apparet,
821 2479 864 2519 ἅ
887 2479 999 2519 inter
1021 2477 1204 2517 minores
1223 2476 1439 2529 accipitres
1455 2475 1553 2527 sola
1575 2475 1757 2515 merlina

403 2556 503 2608 siue
521 2555 698 2607 snicrla,
718 2555 887 2608 semper
908 2554 1124 2606 adpareat,
1152 2552 1261 2592 milii
1284 2550 1529 2604 Anglorum
1562 2550 1757 2599 merlina,

417 2631 460 2671 ἅ
487 2631 734 2672 Germanor.
746 2630 910 2682 finerla
932 2629 1006 2681 csse
1025 2627 1207 2668 uidetur.

484 2754 495 2774 ¹
522 2754 626 2788 Hz'st.
647 2752 738 2786 Nat.
761 2751 840 2785 Lib.
860 2759 898 2785 X.
922 2761 1001 2794 cap.
1020 2749 1094 2782 viii.

483 2811 496 2834 ²
524 2812 561 2846 If
582 2811 644 2845 the
670 2809 826 2853 reading
852 2807 1036 2853 pecuariae
1065 2807 1094 2840 is
1123 2806 1314 2851 accepted,
1341 2806 1403 2840 the
1427 2806 1604 2851 meaning
1629 2808 1752 2842 would

414 2880 552 2915 appear
575 2876 612 2902 to
636 2869 681 2901 be
707 2868 782 2901 ‘for
805 2866 916 2901 cattle
940 2863 1141 2908 breeding'
